2675 4834
615 299 1667 414 PRAErA‘rio.
2005 320 2187 414 mx

133 529 324 611 haud
382 521 757 612 diffiteor.
867 535 898 556 ‘
917 529 1106 612 Hoc
1169 528 1506 638 quidem
1527 586 1554 628 ,
1607 546 1695 608 vt
1746 523 1983 638 supra
2022 535 2195 616 iam

134 663 494 774 profess'us
528 664 704 751 sum
718 724 741 767 ,
799 674 989 750 iam·
1029 665 1132 748 ab
1187 672 1423 750 initio
1482 663 2003 750 coustitutum
2052 669 2193 750 lia·

135 805 404 888 bebam
458 812 734 908 *mimo
755 865 777 906 ,
819 823 910 886 vt
947 813 1557 915 grammaticam
1600 811 2193 914 interpretatio-
2310 868 2318 877 .

135 971 301 1026 nem
341 971 537 1028 cum
577 972 860 1051 rerum¹
893 959 980 1024 et
1017 940 1600 1026 sententian-tun
1654 943 2194 1034 declaratione

137 1084 618 1192 copularem3
669 1085 922 1166 altera
957 1099 1238 1166 autem
1279 1113 1379 1203 ex
1404 1101 1663 1193 parte,
1692 1101 1783 1162 vt
1824 1101 2197 1168 veterum

141 1213 220 1298 de
273 1223 730 1304 Homericis
795 1223 991 1302 locis
1059 1219 1357 1304 iudicia
1372 1279 1399 1322 ,
1487 1227 2197 1332 grammaticorum
2328 1220 2335 1232 ⁸

135 1383 306 1464 opes
345 1361 794 1466 litterariae,
829 1367 1137 1444 criticas
1183 1379 1268 1444 et
1313 1367 1783 1472 exegetica,
1828 1387 2021 1444 cum
2062 1389 2199 1444 co-

139 1503 266 1602 piis
317 1505 662 1600 critices,
739 1498 1153 1582 doctrinae
1218 1517 1305 1581 et
1361 1505 1753 1582 acuminis
1806 1507 2199 1584 recentio-
2334 1493 2345 1504 ’

138 1659 330 1734 mm,
377 1643 998 1748 coniungerem,
1047 1665 1495 1748 meumque
1542 1639 2201 1748 qualemcunque

141 1768 419 1856 sensum
461 1791 550 1856 et
598 1773 1258 1860 diiudicationem
1296 1773 1808 1860 subiicerem:
1858 1803 2202 1885 quomo-

145 1907 232 1990 do
269 1939 448 1994 vero
489 1920 788 2022 ingens
827 1913 960 1994 hic
1000 1933 1435 2025 apparatus
1475 1943 1526 1998 a
1552 1943 1693 1997 me
1740 1889 1901 1996 vno
1919 1974 1944 2014 ‚
1980 1914 2205 1996 nulla

147 2050 432 2132 alterius
473 2077 736 2159 opera
779 2050 1275 2152 consociata,
1308 2070 1454 2136 aut
1493 2062 1757 2164 parari
1800 2071 1886 2134 et
1930 2052 2206 2162 digeri,

28 2275 30 2288 Ι
154 2205 266 2267 aut
299 2189 740 2272 commode
803 2186 988 2272 satis
1033 2193 1142 2274 ad
1179 2189 1407 2274 vsum
1442 2163 1865 2302 publicum
1910 2196 2210 2300 exponi

28 2337 30 2340 ’
153 2321 408 2448 pollet,
450 2347 542 2408 vt
589 2355 748 2408 nec
789 2335 1023 2444 copia
1047 2327 1489 2430 fastidium,
1534 2359 1727 2430 nec,
1770 2307 1947 2412 fi'in
1986 2356 2208 2410 com·

153 2463 512 2568 pendium
563 2467 1124 2548 contraherem
1141 2521 1166 2566 ‚
1227 2465 1581 2548 breuitas
1623 2461 2215 2564 obscuritatem,

153 2610 468 2684 tenuitas
497 2631 802 2714 operae
831 2625 916 2686 et
943 2611 1320 2690 ieiunitas
1350 2622 1859 2688 contemtum
1875 2659 1899 2704 ,
1928 2631 2211 2685 moue·

153 2755 290 2834 ret,
317 2749 746 2852 omnisque
776 2745 936 2826 hoc
961 2743 1214 2828 modo
1237 2741 1671 2828 industriae
1698 2743 2005 2838 fructus
2033 2765 2213 2850 per-

155 2881 302 2976 iret,
329 2877 550 2961 haud
583 2880 1117 2992 exputabam„
1167 2883 1509 2982 Summa
1542 2881 1936 2963 breuitate
1976 2885 2063 2962 in
2094 2887 2213 2988 ip-

161 3006 224 3092 so
263 3013 789 3126 dilectu-mihi
825 3019 1222 3104 vtendum
1263 3018 1425 3136 esse
1474 3017 1891 3116 videbam3
1994 3016 2219 3098 bona

163 3163 404 3258 tamen
440 3166 730 3241 aetatis
766 3157 1109 3260 nostrae,
1149 3167 1509 3242 virorum
1543 3156 1975 3238 doctorum
2010 3153 2219 3236 iudi·-

167 3295 266 3368 cio
281 3349 304 3389 ,
363 3292 844 3403 perspicacia
860 3356 887 3398 ,
945 3297 1314 3380 doctrina
1330 3357 1357 3398 ,
1410 3303 1661 3378 etiam
1744 3291 2224 3404 quaestioni-

165 3419 294 3510 bus
317 3455 410 3511 ac
437 3431 1118 3543 disputationibus
1151 3455 1425 3546 parta,
1458 3451 1689 3516 erant
1728 3440 1815 3512 in
1858 3456 2223 3512 commo-

167 3559 338 3648 dum
395 3577 1082 3684 interpretationis
1138 3572 1563 3670 vertenda3
1665 3567 1864 3680 quid
1920 3571 2084 3649 veri
2140 3579 2225 3670 et

167 3695 510 3790 fructuofi
547 3712 872 3819 ineffet,
925 3697 1536 3822 exquirendum,
1576 3707 1951 3826 inanibus
1996 3732 2223 3813 argu-

170 3845 280 3921 tiis
320 3845 788 3956 repudiatis3
897 3853 1157 3938 multa
1213 3877 1496 3960 pon-0,
1560 3826 1771 3956 qnae
1832 3859 2023 3924 ante
2089 3839 2227 3940 def-

177 4001 330 4062 cem
343 4039 367 4084 ,
417 3993 734 4098 viginti,
791 4017 1050 4074 annos
1099 3993 1491 4102 nouitatis
1551 3991 1887 4097 gratiam
1924 3979 2227 4061 habue-

177 4135 367 4219 rant,
421 4151 642 4230 nunp
696 4145 824 4210 tot
872 4129 1156 4212 libellis
1207 4131 1531 4224 iterata,
1592 4141 1789 4204 nota
1852 4137 2079 4202 erant
2140 4135 2227 4198 et

181 4245 496 4366 vulgata3
547 4275 1094 4379 attamen-pro
1148 4262 1449 4358 consilii.
1480 4259 1794 4348 ratione
1830 4287 1997 4340 non
2046 4273 2229 4364 potf
2298 4297 2303 4304 ·
