2675 4834
393 309 492 364 n
905 278 2125 414 rRAEFAer·„

399 452 660 579 mere,
755 509 908 577 nec
995 471 1511 588 superstitiose
1602 471 2033 559 retinerem
2132 474 2478 583 vulgata.

239 692 248 703 .
401 621 617 700 Cum
671 619 909 702 lectio
965 614 1228 699 nostra
1285 615 1581 696 Jliadis-
1617 645 1713 695 ex
1786 617 2137 724 plurium
2174 723 2179 728 ι
2210 617 2485 721 'gram-

277 781 284 796 ·
388 735 888 838 'maticorum
971 762 1176 836 curis
1249 755 1630 834 coaluerit
1652 811 1672 849 ,
1758 751 1926 833 fieri
1993 757 2315 857 nequit,
2392 766 2489 828 vt

395 891 930 993 ‘Aristarcheffi
994 911 1137 981 aut
1184 893 1450 1014 aliqua
1506 893 1661 972 alia
1724 892 2003 996 lectio,
2072 877 2491 1005 διὸρθωσες

406 1049 490 1112 et
529 1027 867 1140 ἕκδοσίς,
915 1030 1389 1114 restituatur.
1466 1027 1731 1140 Quid?
1794 1025 2017 1135 quod
2080 1024 2133 1106 fi
2187 1011 2493 1106 restitui

349 1267 360 1282 ,
406 1166 709 1278 poffet,
775 1161 1236 1250 nullo‘eu'm
1283 1170 1726 1272 litterarum
1778 1163 2169 1246 beneficio
2210 1163 2297 1244 id
2348 1162 2497 1242 fie-

309 1281 318 1300 ⁶
408 1326 570 1407 ret,
621 1293 1288 1416 quandoquidem
1332 1307 1551 1385 nulla
1614 1301 1761 1401 est,
1832 1309 1936 1382 ne
2000 1300 2497 1384 Aristarchea

413 1444 789 1552 quidem,
841 1473 1052 1555 quae
1099 1453 1189 1528 in
1236 1442 1615 1526 omnibus
1668 1469 1763 1522 ac
1814 1437 2134 1549 fingulis
2170 1436 2501 1548 probari

297 1655 307 1662 .
409 1577 676 1690 poffit.
835 1583 1260 1666 Deteriora
1327 1591 1609 1690 itaque
1666 1584 1801 1677 iis,
1861 1604 2072 1687 quae
2127 1605 2279 1658 nos
2328 1584 2503 1658 iam

394 1715 810 1802 'habemus
827 1779 851 1822 ‚
914 1721 1326 1804 interdum
1378 1716 1839 1801 inducenda
1890 1717 2179 1824 forent.
2314 1717 2507 1795 Mo-
2568 1817 2576 1823 ‘

420 1853 710 1958 destiu's
762 1865 1042 1968 itaque
1069 1887 1230 1941 ·me
1283 1875 1653 1939 acturum
1698 1851 1861 1936 effe
1906 1860 2235 1962 putaui,
2294 1829 2355 1932 [i
2392 1855 2509 1932 le·-

419 2003 776 2102 ction‘em
828 1995 1334 2106 probabilem
1384 2001 1837 2092 retinerem,
1888 1998 2135 2072 etiam
2168 1998 2259 2078 in
2302 1991 2511 2075 locis

421 2129 725 2232 dubiis,
779 2135 938 2215 nec'
965 2131 1412 2232 'mutarenh
1456 2126 1607 2213 nifi
1648 2127 2060 2212 manifesta
2106 2121 2517 2236 et-explo-

421 2286 596 2350 rata
637 2270 650 2292 “
685 2299 807 2368 re3
881 2268 1350 2380 {adspernor
1450 2274 1673 2350 enim
1772 2267 1987 2348 hanc
2064 2263 2515 2386 gloriolam,

427 2431 677 2514 quam
761 2416 1124 2492 criticum
1199 2406 1550 2492 studium
1620 2399 1763 2488 fibi
1830 2407 2103 2486 laurea
2174 2403 2519 2512 dignam.

421 2540 717 2626 habere
779 2543 1052 2655 putat,
1122 2565 1245 2645 vt,
1300 2554 1391 2626 in
1443 2548 1789 2626 lectione
1836 2543 2245 2652 ambigua,
2278 2559 2363 2620 et
2416 2548 2519 2624 in
2632 2645 2643 2654 .

418 2669 844 2792 Vtramque
908 2703 1228 2792 partem
1293 2683 1516 2763 haud
1566 2680 2111 2792 improbabili,
2188 2687 2521 2762 eiiciam

423 2807 838 2927 receptam
856 2869 886 2919 ,·
927 2839 1012 2900 vt
1081 2820 1353 2929 paullo
1413 2815 1591 2928 post
1660 2823 1856 2902 alius
1932 2819 2192 2900 editor
2246 2815 2527 2899 succe-

433 2954 607 3055 dat,
647 2965 804 3066 ‘qui
859 2965 1279 3067 antiquam
1335 2976 1713 3066 repetat..
1790 2941 2202 3069 Quamdiu
2276 2956 2376 3037 de
2420 2987 2523 3038 re

433 3093 741 3202 aliqua,
783 3091 1058 3204 itaque
1118 3101 1365 3176 etiam
1414 3093 1515 3176 de
1564 3099 1957 3194 lectione,
2014 3093 2312 3175 iudicio
2358 3095 2519 3174 ssu-

435 3247 764 3314 ctuante
784 3292 807 3333 ,
859 3238 947 3315 in
990 3209 1429 3342 Vtramque
1460 3251 1779 3342 partem
1826 3229 2087 3342 potest
2153 3231 2521 3340 disputa-

428 3374 523 3468 ri,
574 3396 842 3479 neque
887 3370 997 3454 est
1039 3390 1581 3472 momentum,
1638 3369 1858 3481 q'uo'd
1906 3376 1993 3450 in
2050 3363 2525 3454 alterutram

431 3523 750 3614 partem
807 3508 1441 3622 praeponderet:
1534 3511 1789 3590 nolim
1847 3509 2283 3588 lectionem
2340 3511 2523 3590 vul-

434 3625 706 3752 gatam
729 3644 1092 3734 ‚mutare
1213 3651 1573 3763 Omnino
1618 3648 2053 3727 lectionem
2087 3643 2521 3756 scriptoris,

437 3788 836 3889 quatenus
863 3800 871 3808 ‘
899 3787 1033 3867 illa
1097 3794 1304 3896 typis
1396 3781 1749 3893 expressa
1828 3793 2349 3892 proponitur,
2448 3779 2525 3868 fi

436 3917 682 4000 semel
753 3949 802 4001 a
852 3931 1132 4004 naeuis
1196 3942 1282 4004 et
1331 3907 1589 4004 'vitiis‘
1614 3922 2117 4022 librariorum
2168 3939 2523 4032 purgata

439 4053 584 4156 eft,
633 4065 1024 4170 integram
1065 4079 1149 4143 et
1187 4051 1605 4144 intactam·
1630 4033 1973 4170 relinqui
2020 4063 2339 4162 malim,
2400 4087 2519 4142 ne

439 4195 855 4310 turbemus
893 4201 1337 4311 legentium
1373 4198 1724 4282 studium
1740 4259 1765 4300 ,
1816 4207 1958 4308 qui
1995 4207 2081 4282 in
2108 4195 2347 4282 bonis
2378 4225 2521 4278 ex-

2651 0 2657 74 l

2656 147 2659 304 l

2658 430 2661 562 l

2660 712 2662 783 4
