2675 4834
285 326 518 380 ·vm
873 247 1944 398 PRAEFATIO.

381 503 478 598 ii,
532 500 676 605 qui
700 466 854 578 ‘me
899 493 1084 576 hoc„
1105 491 1445 576 demum
1487 498 1771 574 aetatis
1808 488 2076 602 'gradu-
2118 489 2222 574 ad
2258 491 2475 572 hanc

387 661 727 744 operam
761 619 1304 718 -descendiffe
1340 618 1846 713 mirabuntur
1862 689 1886 730 ,
1961 626 2147 740 ip'fis
2208 657 2485 711 rerum·

390 778 707 854 euentis
766 789 1263 881 protractam
1323 765 1481 852 eII'e
1550 795 1886 878 operam
1938 789 2139 890 ante
2182 769 2486 850 multos

399 937 659 992 annos
715 906 1201 1020 susceptam,
1271 883 1525 1020 quam
1588 907 1973 1016 equidem
2029 913 2197 987 viro
2232 909 2489 988 ‘alicui

400 1048 691 1148 doct0,
759 1057 1094 1145 iuuenta
1162 1049 1516 1146 florenti,
1585 1045 1838 1127 ardua
1892 1051 2256 1143 conanti,
2296 1050 2497 1127 ‘me-‘-

399 1207 566 1302 que
603 1183 772 1298 ipso
803 1183 1250 1268 necess'ariis
1292 1189 1569 1268 litteris
1610 1185 1896 1264 melius
1928 1181 2336 1280 instructo.
2372 1185 2498 1269 lu-

399 1323 694 1406 benter
747 1322 1270 1433 reliquissem,
1354 1319 1417 1404 fi
1468 1325 1600 1403 ille
1654 1320 1731 1403 se
1782 1321 2025 1424 mihi
2016 1293 2497 1430 c-ircumspi

409 1471 660 1546 clenti
702 1461 1129 1544 obtulisset.

571 1630 638 1708 Ι.
698 1621 1166 1732 Οονιβίἰμη
1209 1629 1489 1736 igitur,
1558 1625 1760 1706 huie
1801 1621 2115 1731 operae
2166 1631 2257 1702 in
2316 1621 2502 1702 Ho-

412 1793 648 1846 mero
694 1763 1030 1848 edendo
1067 1741 1641 1874 propositum,
1694 1758 1923 1842 fuiffe
1962 1759 2349 1868 profiteor
2396 1759 2507 1839 fe-

383 1932 504 1984 ·re
547 1903 740 1984 hoc:
797 1922 924 2002 vt,
970 1919 1288 2012 praeter
1348 1903 1519 2000 illa,
1564 1929 1777 2009 quae
1820 1907 2193 1980 omnium
2234 1917 2511 1979 aucto·

417 2069 606 2122 rum
669 2023 1164 2122 cl'afficorum
1221 2039 1710 2121 editionibus
1776 2036 1957 2118 sunt
2018 2046 2511 2138 communia,

415 2187 514 2278 in¹
548 2155 896 2261 iectione
943 2196 1026 2259 et
1067 2185 1729 2287 interpretatione
1770 2194 1987 2256 recte
2033 2173 2515 2268 constituen-

424 2315 573 2415 da,
653 2313 796 2398 sub
849 2314 1320 2424 adspectu-m
1385 2315 1878 2396 adducerem
1920 2310 2077 2416 flea,
2166 2325 2387 2424 quae·
2434 2335 2515 2396 et

295 2437 318 2452 ’
421 2471 742 2534 veteres
777 2474 866 2535 et
907 2463 1396 2572 recentiores
1453 2461 1543 2535 in
1588 2457 2043 2534 Homerum
2102 2456 2517 2534 commen·

420 2599 572 2670 tati
627 2589 812 2673 sunt
881 2593 1205 2690 vtiliter;
1322 2589 1755 2670 leuioribus
1830 2585 2167 2699 quidem
2238 2587 2519 2674 saltem

368 2825 380 2833 ⁶
423 2729 673 2811 verbo
722 2717 1232 2826 memoratis,
1316 2726 1810 2836 grauioribus
1854 2725 2351 2810 considerate
2396 2759 2525 2810 ex-

424 2862 748 2976 pofitis;
833 2893 1022 2948 cum
1083 2883 1363 2945 tamen
1418 2873 1508 2947 in
1550 2868 1913 2950 Homero
1932 2857 2220 2954 ‘multo
2266 2879 2523 2979 magis

429 3003 534 3084 de
591 3023 959 3084 veterum
973 3062 998 3102 ,
1074 3012 1785 3113 grammaticorum
1835 3011 2199 3113 inprimis
2216 3065 2240 3105 ,
2314 3013 2523 3090 curis

423 3141 945 3251 iudiciisque,
1000 3170 1408 3251 quaenam
1466 3145 1599 3224 illa
1645 3143 1983 3244 fuerint,
2055 3164 2553 3254 quaeratur:-

409 3277 782 3364 studium
825 3278 1382 3362 adhibendum
1432 3278 1589 3362 ess'e
1628 3277 1880 3378 visum
1926 3279 2073 3381 est,
2120 3301 2207 3363 vt
2254 3291 2523 3364 omnis

425 3415 632 3497 haec
712 3419 1425 3542 grammaticorum
1502 3417 1867 3500 doctrina
1885 3476 1909 3517 ,
2008 3447 2106 3499 ex
2166 3421 2521 3501 Scholio-

426 3583 613 3636 rum
631 3609 654 3654 ,
707 3551 1290 3670 Gloss'ariorum
1335 3571 1421 3634 et
1453 3556 2247 3640 Commentariorum
2281 3559 2522 3642 farra-

429 3699 642 3803 gine
662 3689 1146 3801 conquisita,
1201 3700 1462 3802 iisque
1514 3721 1724 3801 quae
1772 3695 1875 3774 ad
1919 3714 2256 3804 poetam
2296 3695 2519 3777 haud

283 3877 296 3886 ·
429 3825 915 3938 spectarent,
995 3825 1371 3932 liberata,
1454 3861 1614 3913 vno
1671 3831 1965 3913 obtutu
2023 3831 2253 3916 facile
2296 3860 2519 3917 com·-

427 3965 824 4076 prehendi
905 3963 1180 4078 p‘offit3
1268 3977 1426 4070 ita,
1496 3988 1583 4050 vt
1652 3969 1990 4054 tandem
2064 3971 2169 4053 de
2232 3981 2516 4054 eor'um

424 4113 736 4188 meritis
803 4125 1018 4187 recte
1071 4113 1592 4218 pronuntiare
1632 4111 1924 4192 liceret.
2091 4113 2515 4194 Recentio-

379 4245 610 4352 ‚rum
697 4246 974 4328 autem
1035 4223 1320 4330 ‘studia
1406 4255 1495 4334 in
1590 4252 2113 4332 Homericam
2158 4247 2513 4364 ζ11001111,
