2675 4834
621 317 1765 401 .PRAEFATIO.
2104 345 2283 400 -1x

159 541 424 598 eum·
457 541 598 615 ea,
683 541 894 624 quae
965 515 1074 598 ad
1143 523 1471 598 criticen
1540 538 1627 599 et
1692 523 2285 625 intefpretatio·

155 685 390 736 nem
431 663 1046 766 grammaticam
1100 651 1508 766 spectant,
1580 677 1781 740 tum.
1820 657 1957 738 illa
2010 657 2289 762 alpem,

163 822 406 903 qnae
463 801 554 874 in
605 789 828 902 poefi
879 791 1086 904 ipsa,
1149 801 1527 894 carminis
1578 791 1943 912 confile‚
2012 795 2289 876 indole

167 960 280 1012 ae
337 917 868 1040 praestatem,
917 930 1245 1014 'versata
1301 929 1524 1034 funt,
1616 934 2295 1044 quandoquidem

169 1101 366 1152 non
431 1079 704 1153 minus
771 1069 956 1154 sunt
1047 1069 1403 1172 illustria,
1484 1073 1570 1154 id
1621 1075 1823 1155 mihi
1878 1073 2291 1184 agendum

167 1217 572 1319 inprimis
620 1208 778 1292 ess'e
819 1208 1413 1320 perspexeram,
1480 1229 1569 1290 vt
1612 1234 1711 1290 ea
1759 1240 1951 1294 cum
1991 1210 2291 1294 consilii

173 1347 518 1430 summa
611 1357 1186 1458 coniungerem
1215 1407 1240 1448 ‚
1358 1349 1919 1462 iudiciumque
2008 1379 2293 1436 meum

179 1489 772 1598 qualecunque
811 1483 1397 1597 subiungerem.

369 1655 480 1734 Π.
519 1653 770 1763 ‘Quae
817 1679 1006 1732 cum
1051 1659 1327 1733 animo
1382 1655 1575 1734 m'eo
1628 1671 2027 1764 tanquam
2088 1655 2298 1762 dest⁴

181 1800 494 1904 gnata
549 1808 634 1872 et
697 1793 1202 1898 informata·
1231 1790 1654 1873 haberem:
1751 1800 1839 1874 in
1898 1794 2164 1874 modo
2215 1813 2299 1878 ec

193 1940 557 2010 ‘racione
650 1925 1162 2036 exsequendi
1247 1947 1330 2009 et
1402 1937 1751 2038 cogitata
1826 1931 2301 2039 perficiendi

199 2085 420 2178 'quot
470 2048 987 2176 quantaeque
1029 2061 1110 2146 se
1154 2063 1544 2147 offerrent
1588 2063 2136 2170 difficultates,
2189 2067 2306 2151 sa-

203 2205 484 2286 ]ebrae
575 2231 674 2284 ac
751 2201 1196 2304 molestiae,
1279 2205 1563 2286 haud·
1607 2233 1747 2288 me
1838 2207 2166 2289 latebat.
2226 2201 2309 2320 ⁴⁸¹)

217 2345 420 2424 Erat
476 2369 804 2452 quoque
851 2333 1050 2424 'ante
1097 2343 1375 2424 oculos
1431 2339 1695 2450 pofita
1750 2343 2147 2426 immensa
2184 2373 2309 2426 re·

207 2509 402 2562 rum
441 2481 1044 2563 tractandarum
1091 2487 1356 2590 copia,
1402 2475 1816 2561 latiffimus
1863 2486 2315 2568 litterarum

211 2647 586 2728 campuS,
635 2627 776 2729 qui
817 2621 1018 2702 mihi
1061 2617 1573 2700 emetiendus
1608 2613 1829 2717 estet,
1880 2637 2063 2700 tum
2110 2623 2317 2701 mul—

217 2783 304 2841 ta
365 2762 543 2859 ina,
605 2785 815 2866 quae
880 2757 1084 2838 mihi
1139 2767 1282 2836 'aut
1344 2753 1701 2872 deelsent
1746 2777 1889 2836 aut
1918 2765 2057 2840 'vix
2106 2757 2319 2846 bene

215 2905 492 3011 parari
539 2894 862 3006 poss’ent
903 2897 1074 2976 aliis
1128 2900 1332 2975 curis
1376 2891 1745 2975 districto.
1918 2895 2322 2978 Constitu·-
2442 2913 2449 2924 “

217 3059 412 3120 tum
475 3043 750 3144 itaque
808 3033 1030 3144 apud
1089 3059 1226 3113 me
1287 3029 1736 3132 habebam,
1814 3049 1903 3112 vt
1958 3062 2130 3114 non
2174 3031 2325 3118 nifi

221 3203 424 3258 cum
491 3175 646 3256 alio
709 3179 878 3254 viro
959 3170 1206 3250 docto
1267 3176 1581 3280 partitis
1654 3197 1948 3278 operae
2017 3170 2329 3254 vicibus

221 3313 590 3399 studium
641 3309 856 3390 huie
883 3305 1219 3389 bonfilio
1285 3303 1795 3414 exsequendo
1840 3305 2332 3402 addicerem.,

221 3455 348 3534 Vt
409 3477 604 3530 vero
664 3447 766 3528 de
827 3448 952 3528 his
1010 3473 1220 3556 quae
1279 3442 1623 3526 dicenda
1680 3440 1861 3525 sunt
1914 3441 2331 3553 perspicue

225 3591 422 3676 satis
467 3591 767 3696 exponi
808 3611 860 3666 a
899 3612 1036 3666 me
1076 3577 1356 3694 poffit,
1424 3581 1937 3664 redeundum
1978 3582 2177 3664 mihi
2220 3579 2333 3664 es-

321 3851 392 3940 *)
449 3847 578 3914 Me
627 3862 892 3914 mature
937 3831 1090 3914 satie
1159 3845 1248 3914 de
1329 3839 1735 3926 scribebam,
1780 3841 2029 3912 iterum
2066 3839 2337 3930 Episto-

231 3968 364 4032 iis,
419 3980 601 4052 quae
650 3960 728 4024 in
771 3976 960 4024 noua
1005 3957 1254 4026 editio·
1337 3955 1405 4024 la
1460 3954 1548 4022 ad
1602 3951 1963 4052 Tychfium
2006 3951 2335 4034 nostrum,

229 4098 335 4144 ne
375 4068 674 4138 Homeri
707 4066 1064 4134 deffderari
1099 4065 1256 4160 pos·
1341 4066 1636 4164 praefixa
1732 4063 2340 4144 ,Commentationi
2442 4121 2449 4134 ,

234 4177 398 4264 sint,
447 4177 864 4262 deliberass'e,
891 4197 1015 4251 'me
1041 4177 1256 4268 ipsum
1347 4179 1435 4248 de
1498 4177 1744 4266 Quinti
1798 4175 2154 4266 Smyrnaei
2194 4195 2342 4242 car-

233 4295 538 4366 edocuit
561 4291 882 4383 inspecta,
902 4290 1060 4356 dum
1093 4289 1262 4357 haec
1348 4293 1551 4358 mine.
1573 4291 1625 4379 .(
1648 4289 1859 4374 1783>
