2675 4834
615 263 2175 400 PRAEFAT10.‚·mu

30 513 32 526 *
125 503 313 580 niam
349 523 492 598 ea,
538 497 752 580 vnde
799 495 1423 608 disceptandum
1468 515 1679 598 erat,
1736 523 1895 580 nec
1929 497 2177 605 plena

129 665 254 716 nec
309 633 618 720 fincera
685 637 1121 733 habemus,
1191 663 1490 746 magna
1548 653 1827 718 autem
1892 661 2179 716 eorum

130 800 280 880 pars
308 784 404 860 in
450 783 822 858 minutiis
877 773 1228 858 versatur
1247 835 1270 876 ,
1325 781 1691 886 grauiora
1743 793 2019 856 autem
2066 797 2177 853 ne

133 911 425 1018 quidem
481 913 590 996 ab
633 911 818 1024 ipfis
897 921 1435 1024 grammaticis
1488 916 2023 1024 intelligenter
2093 927 2181 992 et

133 1048 502 1162 perspicue
591 1053 885 1136 tradita
950 1051 1156 1133 sunt.
1203 1103 1210 1108 ·
1309 1055 1667 1165 Quoquo
1740 1071 1825 1134 te
1890 1067 2181 1150 vertas,
2314 1158 2321 1166 1

133 1183 277 1268 funt
309 1219 432 1274 res
479 1189 1074 1292 controuersae‚
1145 1191 1566 1300 ambiguae
1584 1249 1607 1290 ‚
1658 1199 1748 1272 in
1804 1207 2183 1272 neum-am

133 1346 402 1432 partem
461 1329 996 1414 definiendae.
1153 1335 1479 1414 Bonum
1546 1329 1895 1429 factum,
1956 1327 2185 1438 quod

30 1559 32 1562 y
135 1489 258 1544 nec
287 1463 552 1575 ipsum
591 1495 919 1551 carmen
963 1464 1062 1552 ea
1105 1467 1470 1554 afficiunt
1522 1475 1783 1568 iri-iis,
1846 1467 1949 1548 de
2008 1473 2187 1575 qui·-

139 1595 256 1680 bus
302 1614 660 1688 maxime
717 1617 1144 1717 quaeritur.
1281 1681 1294 1702 „
1319 1610 1584 1690 Multa
1648 1602 1979 1718 possunt
2030 1629 2185 1714 pro

138 1743 610 1846 melioribus,
671 1773 922 1854 quam
959 1775 1168 1856 quae
1223 1747 1547 1856 vulgata
1602 1749 1841 1826 lectio
1897 1739 2186 1852 suppe-

143 1874 346 1981 ditat,
381 1911 546 1964 nec
609 1901 890 1966 tamen
938 1912 1086 1993 pro
1143 1888 1389 1984 veris,
1436 1883 1744 1966 haberi:
1810 1891 2003 1992 quia
2042 1909 2187 1992 pa-

142 2043 288 2100 mm
349 2041 670 2103 certum
718 2020 867 2122 est,
946 2029 1445 2134 grammatici
1501 2051 1611 2104 ne
1668 2019 2189 2106 Alexandrini

147 2167 573 2242 correctioni
612 2187 712 2242 ea
749 2160 1231 2259 'debeantur3
1304 2160 1531 2270 quod
1571 2167 1659 2244 in
1700 2161 1975 2242 multis
2020 2153 2191 2268 ipsa

149 2277 460 2380 veterum
499 2295 992 2382 confeffione
1040 2297 1383 2394 constan
1430 2307 1517 2380 in
1560 2307 1656 2380 iis
1701 2325 2031 2406 quoque
2072 2297 2192 2377 lo-

152 2436 272 2528 εἱε,
321 2443 406 2516 in
466 2437 770 2546 quibus
829 2443 1238 2548 antiquior
1273 2437 1509 2516 lectio
1560 2453 2015 2516 memorata
2056 2431 2197 2534 est,

151 2593 286 2648 non
317 2573 500 2655 licet
545 2597 734 2660 eam
770 2577 1099 2676 inferre,-
1153 2579 1349 2686 quia
1396 2579 1569 2654 eius
1629 2561 2197 2652 auctoritatem

153 2699 297 2788 satis
335 2714 790 2822 expendere
827 2745 999 2796 non
1041 2711 1493 2822 poss'umus3
1544 2707 1703 2792 e'ss'e
1756 2707 2021 2818 p‘otest
2063 2735 2197 2788 va-

156 2829 342 2928 riatio
371 2871 516 2932 aut
541 2853 934 2936 aberratio
961 2856 1186 2958 alicui
1195 2880 1290 2931 us
1311 2845 1706 2956 rhapsodi,
1746 2857 1865 2930 ita
1910 2862 1999 2926 vt
2024 2873 2199 2928 me-

155 2987 276 3062 rito
311 2995 760 3072 reficeretur
812 3018 862 3070 a
906 2993 1481 3100 grammaticis;
1552 2983 1671 3072 fin
1714 3007 1993 3066 autem
2042 3009 2202 3066 nec

163 3127 402 3206 vitium
443 3156 543 3208 ea
588 3127 918 3237 aliquod
957 3127 1324 3236 vuigatae
1383 3125 1747 3208 lectionis
1808 3125 2003 3204 eluit
2057 3139 2203 3202 aut

111 3274 116 3282 ‘
167 3267 653 3370 con-aptelam
695 3269 938 3366 tollit,
983 3293 1232 3375 quem
1271 3263 1623 3346 fructum
1661 3270 1829 3346 iam
1852 3262 2206 3344 feremus

169 3421 244 3475 ex
280 3429 368 3482 ea
403 3407 772 3516 recepta?
833 3406 1144 3488 Verum
1183 3425 1272 3484 vt
1319 3403 1583 3486 multa
1645 3405 1797 3498 alia
1860 3419 2206 3512 praeter-

167 3538 480 3640 mittam,
543 3571 754 3652 quae
807 3540 1230 3625 subactiori
1285 3538 1584 3622 iudicio
1639 3527 1869 3622 facile
1934 3565 2235 3649 occur—-

171 3693 348 3777 rent,
387 3705 640 3762 vnum
679 3677 789 3763 est
828 3681 1055 3790 quod
1105 3673 1367 3796 multa
1432 3686 1735 3762 critices
1784 3679 2069 3759 auxilia
2117 3673 2211 3758 fi·-

175 3813 360 3894 milia'
389 3816 718 3927 respuit,
760 3817 1150 3902 videlicet·
1175 3846 1364 3900 cura
1408 3821 1493 3896 e't
1549 3821 1821 3926 religio
1840 3875 1863 3916 ,
1924 3845 2035 3898 ne
2095 3834 2213 3896 te-

181 3971 312 4029 nor
348 3967 598 4038 tocius
643 3969 1046 4042 carminis
1093 3979 1177 4040 ec
1231 3957 1615 4053 habitus,
1673 3962 1815 4064 qui
1875 3949 2217 4037 studiose

185 4071 572 4176 seruandus
653 4095 799 4195 est,
870 4105 1352 4178 immutetur
1426 4108 1568 4175 aut
1641 4100 2031 4190 varietur,
2108 4118 2219 4171 ne

191 4225 312 4306 alio
347 4229 520 4314 loco
558 4241 1059 4346 antiquiora,
1102 4237 1270 4318 aliis
1299 4236 1503 4318 ‘locis
1543 4229 1833 4315 seriora
1890 4247 1980 4312 ·et
2018 4229 2226 4338 poli«
