2675 4834
654 289 1703 394 PRAEFATIO.
1778 223 1823 358 s
1962 318 2225 398 mm

42 567 45 576 .
172 519 354 594 ream
397 493 592 588 nibil
635 500 850 574 enim
900 492 1125 604 quod
1163 519 1461 606 operae
1499 496 1848 600 pretium
1888 485 1985 572 fit
2024 491 2217 576 inde

168 642 394 740 parari
449 628 698 741 poffe.
847 633 1315 713 Lectionem
1373 628 1779 742 vulgatam
1836 629 1941 710 ad
1996 631 2225 730 cedi<
2290 651 2307 680 “

172 799 278 852 ces
311 773 456 854 illis
497 777 989 878 antiquiores
1049 787 1130 849 et
1183 771 1555 852 meliores
1608 778 1775 854 iam
1832 767 2211 852 constitu-

168 927 308 994 tam
363 907 540 1016 ess'e
557 926 916 1050 apparet
960 915 1047 989 in
1095 909 1451 990 editione
1491 915 1841 991 maxime
1882 907 2205 990 Floren

167 1056 298 1126 tina
337 1066 418 1128 et
456 1009 874 1146 Romana,
931 1043 1286 1158 indeque
1345 1046 1586 1128 ducta
1646 1045 2221 1144 Tumebiana3

162 1183 620 1266 librariorum
657 1191 842 1266 vitia
880 1181 1316 1268 sexcenties
1337 1201 1665 1292 enotare
1708 1181 2103 1268 liberalis
2080 1213 2203 1266 m·

40 1311 42 1352 ³
165 1330 340 1428 genii
371 1321 750 1406 industria
790 1322 1216 1434 indignum
1263 1321 1411 1418 est3
1478 1351 1636 1404 nec
1703 1317 1967 1431 potest
2006 1349 2199 1406 ’Πιθ-

159 1459 516 1544 morabilis
578 1463 864 1570 aliquis
907 1469 1308 1572 expectari
1346 1461 1692 1559 fructus,
1738 1455 1883 1562 nifi
1934 1458 2193 1557 codex

40 1571 43 1590 ’
155 1605 505 1680 recentior
561 1629 609 1680 e
665 1601 1000 1682 meliore
1055 1601 1487 1709 exemplari
1546 1603 1997 1708 antiquiore
2058 1625 2191 1676 ex-

156 1731 436 1844 scriptus
487 1733 627 1838 fit,
689 1737 950 1846 quod,
1024 1757 1467 1847 antequam
1522 1754 1791 1820 totum
1863 1761 2191 1818 carmen

157 1893 640 1982 comparetur,
687 1881 948 1981 primo
991 1877 1170 1961 loco
1217 1873 1328 1956 est
1366 1872 1882 1976 scrutandum
1930 1891 2014 1954 et
2056 1903 2187 1954 ex-

155 2011 614 2117 plorandum.
729 2015 944 2093 Cum
999 2029 1278 2126 tamen
1335 2020 1451 2120 in⁸
1473 2011 1961 2096 editionibus
2000 2013 2186 2092 Bar-

160 2145 422 2230 nefiana
462 2168 550 2230 et
594 2147 1393 2246 Clarkio-Ernestina
1438 2167 1743 2256 extaret
1781 2156 1947 2231 iam
1998 2147 2187 2256 prd-

158 2284 396 2370 miscue
457 2303 794 2378 enotata
833 2287 1072 2398 lectio
1115 2285 1282 2374 flue
1341 2315 1390 2392 a
1426 2295 1854 2400 uarietate,
1914 2281 2076 2366 fiue
2132 2313 2183 2368 a

159 2421 606 2508 librariorum
651 2412 1008 2508 socordia
1028 2483 1051 2524 ,
1116 2424 1519 2533 profecta,
1590 2430 1933 2504 retinere
1996 2449 2183 2506 eam

159 2561 552 2644 consultum
608 2558 796 2660 effe..
839 2559 1090 2642 visum
1147 2558 1293 2661 est,
1350 2562 1637 2642 melius
1693 2577 1975 2638 tamen
2028 2557 2183 2639 dis-

153 2695 440 2806 positam
493 2718 583 2782 et
639 2699 1163 2810 descriptam„
1293 2700 1423 2778 Ita
1484 2699 1855 2780 lectionis
1912 2703 2179 2782 variae

155 2827 565 2938 prouentus
585 2837 883 2948 prodiit
927 2837 1093 2922 fere
1135 2835 1304 2920 hic:

327 3116 630 3198 XXIII.
693 3117 960 3196 Prima
1017 3119 1282 3198 variae
1337 3112 1705 3194 lectionis
1760 3141 1811 3192 e
1866 3111 2187 3220 Codiciff

161 3239 275 3328 bns
317 3251 710 3334 elementa
760 3249 1116 3360 prostant
1185 3258 1274 3332 in
1334 3251 1687 3330 editione
1742 3253 2185 3360 Argentina

169 3385 330 3470 1525
386 3387 436 3500 ἡ
505 3394 649 3502 τῆς·
712 3379 1042 3494 Ἰλιάδος
1105 3377 1625 3492 πολύπλοκος
1694 3378 2181 3508 ἀνάγνωσις·

38 3543 40 3548 ·
164 3511 239 3596 fic
269 3549 574 3635 quoque
621 3524 1016 3636 Odyss'eae
1037 3584 1061 3625 ,
1101 3523 2044 3631 Batrachomyomachiae
2100 3539 2185 3601 et

165 3655 616 3777 Hymnorum
634 3724 657 3765 ,
709 3693 916 3774 quae
987 3682 1270 3744 tamen
1356 3690 1583 3744 mera
1652 3661 1762 3748 est
1820 3667 2183 3743 enotatio

167 3803 372 3880 variae
404 3801 764 3884 lectionis
803 3804 1316 3884 Florentiuae'
1364 3817 1449 3879 et
1503 3799 1977 3884 Aldinarum
2020 3795 2186 3876 edi-

169 3933 472 4033 tionum;
571 3967 821 4050 quam
889 3947 1397 4024 retinuerunt
1482 3955 1565 4018 et
1638 3949 2187 4050 propagarunt

177 4065 512 4158 editiones
549 4073 968 4188 sequentes
1007 4082 1304 4187 partim
1350 4073 1473 4186 ad·
1500 4077 1839 4174 calcem,
1882 4097 2191 4187 graece,

177 4227 326 4286 mox
361 4203 666 4328 detine,
757 4223 1054 4324 partim
1121 4221 1210 4296 in
1267 4220 1626 4327 margine
1684 4207 2193 4319 adscriptam,
2334 4255 2339 4266 ·
