2675 4834
467 299 646 362 mv
996 277 1175 372 PJR
1229 280 1305 359 A
1352 255 1439 358 E·
1472 260 1653 358 F'A
1706 239 1871 354 T‘l
1909 275 2011 354 o.

472 497 645 559 tem
749 480 1300 585 antiquiorum
1418 490 2078 581 temperaremus,
2240 457 2579 550 Interea

471 611 788 696 Clarkio
810 609 1284 696 -Emestina
1340 609 1593 692 editio
1640 609 1943 691 fructus
2022 607 2292 691 attulit
2344 607 2579 690 haud

471 749 1057 862 poenitendo&
1151 767 1238 832 et
1313 737 1670 834 studium
1744 737 2280 828 Homericum
2354 751 2583 829 inter

477 887 866 974 nostrates
907 893 1292 972 excitauit
1338 887 1673 970 mirifice
1692 867 1749 986 ς’
1777 885 2035 966 multo
2081 911 2273 966 vero
2310 894 2581 994 magis

475 1027 781 1138 profuit
838 1055 1012 1122 res,
1075 1053 1228 1136 per
1277 1022 1355 1107 se
1426 1025 1648 1110 haud
1706 1051 2004 1134 magna
2050 1021 2579 1106 commenda-

480 1139 704 1246 tione
767 1163 1012 1274 digna
1065 1161 1226 1246 visa
1243 1221 1268 1262 ,
1330 1170 1463 1244 cui
1517 1181 1797 1244 tamen
1854 1163 2301 1246 litterarum
2365 1169 2579 1244 anti-

481 1329 828 1410 quarum
867 1312 1080 1385 inter
1118 1331 1273 1384 nos
1308 1301 1716 1410 profectus
1747 1302 1933 1410 plus
1976 1299 2281 1382 debent
2320 1327 2579 1409 quam

480 1439 698 1523 credi
738 1437 936 1525 folet
953 1499 977 1541 ,
1021 1449 1371 1550 repetita
1410 1446 1799 1521 nimirum
1835 1441 2063 1548 prelo
2104 1465 2581 1548 graecorum

479 1574 954 1686 scriptorum
968 1637 995 1679 ,
1063 1596 1150 1659 et
1201 1586 1294 1661 in
1317 1671 1324 1678 ,
1347 1579 1475 1660 his
1523 1584 1895 1686 inprimis
1948 1580 2577 1662 Homericorum

485 1725 944 1800 carminum
987 1719 1516 1826 exemplaria,
1564 1743 1825 1824 eaque
1863 1743 2117 1825 paruo
2164 1714 2575 1824 parabilia.

317 1927 330 1944 ,
481 1855 642 1938 Vix
683 1851 871 1938 satis
917 1883 1264 1966 magnae
1321 1859 1621 1964 gratiae
1678 1853 1959 1934 haberi
2002 1850 2339 1968 ‚poss'unt
2390 1862 2578 1970 viris

485 1991 781 2110 doctisst
831 1995 978 2103 qui
1020 1992 1126 2074 ad
1167 1992 1326 2072 hoc
1369 2018 1607 2074 curae
1652 2019 1905 2102 genus
1942 1991 2313 2074 studium·
2341 1986 2578 2072 suum
2663 2019 2664 2049 ¹

345 2122 362 2168 ⁵
485 2147 1087 2225 conuerterant.
1160 2133 1465 2239 Hageri
1510 2127 1762 2213 editio
1780 2188 1804 2226 ,
1852 2125 1995 2210 etfi
2020 2131 2233 2210 male
2278 2147 2579 2237 curata,

480 2267 984 2366 Bafileenfis,
1039 2267 1756 2378 Wernigerodana,
1804 2270 1885 2348 N
1886 2273 2431 2365 iemeieria'na,
2470 2265 2595 2354 ad,

483 2415 988 2490 incrementa
1075 2407 1317 2489 huius
1368 2419 1373 2424 ’
1414 2404 1655 2490 studii
1746 2405 1929 2514 plus
2038 2403 2581 2506 contulerunt,

485 2572 738 2654 quam
797 2545 1028 2628 facile
1091 2543 1405 2640 cred-‘2133
1484 2569 1707 2624 nune
1761 2549 1984 2624 enim
2020 2547 2114 2624 in
2154 2543 2457 2624 Scholia
2476 2559 2579 2626 -et

433 2681 946 2798 -Academiis
1014 2679 1603 2788 interpretandi
1675 2697 1973 2788 poetae
2058 2687 2297 2788 eopia
2366 2677 2579 2762 facta

484 2837 692 2918 erat3
748 2816 1154 2928 superauit
1205 2844 1495 2901 omnes
1536 2817 1853 2900 doctius
1896 2835 1979 2898 et
2016 2815 2381 2898 subtilius
2424 2816 2579 2900 stu-

487 2957 719 3043 dium
787 2957 1094 3062 Woffii
1163 2963 1256 3040 in
1313 2953 1661 3063 Odyssea
1727 2974 1813 3041 et
1862 2954 2123 3039 Jliade
2162 2956 2269 3038 ad
2310 2983 2576 3036 exem-

483 3097 662 3206 plar
717 3103 1072 3178 maxime
1130 3091 1647 3205 Glasguenfe
1694 3101 1787 3178 in
1846 3089 2073 3176 vsum
2131 3090 2577 3176 scholarum

489 3229 1082 3343 diligentiffime
1147 3225 1503 3344 expressa
1548 3237 1783 3314 annis
1838 3230 2297 3332 LXXXIV,
2346 3247 2434 3314 et
2472 3233 2577 3315 V.
2660 3289 2662 3300 «

477 3373 827 3488 Calebat
893 3401 1116 3454 nunc
1187 3371 1543 3455 studium
1598 3366 2167 3468 Homericum3
2256 3391 2575 3482 expete-

487 3503 785 3604 bantur
853 3510 1244 3594 lectiones
1307 3513 1799 3592 Homericae
1855 3509 2005 3616 per
2062 3509 2374 3621 aliquot
2436 3537 2583 3590 an-·
2661 3471 2662 3516 Ν

483 3671 638 3726 nos
687 3646 978 3755 cupide
1021 3667 1104 3730 et
1145 3645 1867 3758 frequentabantur
1912 3641 2237 3730 affidue.
2358 3651 2577 3732 Ecce

485 3807 679 3864 vero
737 3803 1079 3894 repente
1133 3785 1332 3868 illud
1386 3783 1741 3869 studium
1798 3783 2114 3868 doctius
2180 3793 2393 3869 inter
2430 3813 2577 3868 no-

486 3917 759 4004 strates
813 3922 1156 4023 refrixit,
1226 3917 1539 4006 cauffis'
1574 3928 1853 4031 vtique
1908 3923 2129 4007 haud
2184 3919 2575 4008 obscuris:

485 4085 684 4141 nam
723 4063 1201 4171 appulerant
1237 4069 1552 4144 interea
1604 4062 1873 4169 plures
1928 4063 2304 4148 homines
2354 4070 2541 4172 inge
2554 4105 2578 4124 ·

486 4195 690 4280 niofi
745 4198 1005 4287 studia
1060 4199 1168 4285 ad
1242 4207 1599 4287 carmina
1650 4185 2089 4288 Homerica
2144 4209 2237 4288 in
2284 4198 2574 4290 sermo-
