2675 4834
427 333 718 396 uma
938 253 1976 396 PRAEFATJQ

413 505 738 620 „insertis
787 489 1071 620 paffim
1117 497 1596 592 lectionibus
1658 508 2065 626 nonnullis
2118 533 2213 587 ex
2262 505 2519 600 Scho-

434 645 556 726 liis
593 646 1020 749 breuibus,
1055 677 1152 730 ex
1209 645 1625 768 Eustathio
1669 665 1753 726 et
1812 649 2184 727 Romana
2228 644 2521 726 editio-

437 809 566 863 ne.
732 787 948 868 Nata
996 783 1107 870 est
1141 787 1367 869 inde
1380 797 1694 870 varians
1737 787 1973 866 lectio
2023 791 2111 865 in
2152 789 2521 893 margine

439 919 812 1006 editionis
865 927 1113 1006 Henr.
1173 927 1599 1041 Stephani,
1666 941 1905 1050 311013
1976 949 2082 1006 ex
2136 905 2523 1033 Romana

409 1029 841 1164 editione,
889 1059 1334 1148 secundum
1382 1063 1744 1146 Turnebi
1804 1065 2194 1158 criticam,
2255 1060 2380 1138 vel
2420 1086 2525 1138 ex

443 1197 899 1303 EustathiO,
957 1203 1272 1285 adiecta
1331 1231 1663 1312 quoque
1716 1229 1875 1280 vna
1926 1201 2055 1279 vel
2114 1199 2362 1278 altera
2396 1197 2527 1276 le-

445 1344 714 1419 ctione
751 1369 801 1444 ³e
849 1339 1163 1444 codice,
1209 1369 1460 1452 quem
1498 1313 1961 1450 'Stephanus
2029 1334 2107 1418 se
2160 1330 2527 1417 habuiss'e

445 1499 874 1559 memorat.
983 1481 1463 1564 Lectionem
1527 1486 1616 1561 in
1674 1507 1922 1588 marg.
1980 1474 2368 1583 Stephani
2408 1503 2532 1552 re-

445 1621 754 1720 petiere
825 1601 1212 1719 editores}
1303 1613 1425 1701 ad
1476 1621 1779 1700 calcem
1844 1611 2117 1701 Jliadis
2182 1617 2535 1692 reiecere

450 1753 520 1830 (
493 1721 1142 1868 antahrigienses
1213 1764 1304 1840 in
1374 1759 1561 1841 edit.
1626 1763 1861 1864 1689.
1930 1759 2009 1857 4.
2115 1731 2200 1832 18
2254 1767 2533 1829 autem

448 1887 749 1975 fundus
804 1895 960 1978 fuit
1015 1915 1447 2006 apparatus
1504 1903 1756 1980 critici
1814 1893 2189 1976 editionis
2242 1885 2541 1968 Barne-

409 2021 760 2147 xfianae:
807 2041 926 2134 ,111
986 2063 1150 2146 qua
1205 2030 1521 2116 acceffit
1563 2033 1903 2118 tandem
1940 2011 2279 2110 uarietas
2322 2025 2541 2148 codi-

338 2276 346 2285 .
458 2185 702 2279 cum„
745 2190 829 2255 et
889 2176 1135 2255 trium
1193 2171 1532 2284 quidem
1600 2173 2077 2255 eximiorum
2139 2149 2541 2275 exempla·
2659 2185 2660 2198 ¹

448 2300 700 2406 rium,
740 2307 1371 2410 Cantuarienfis‚
1414 2313 1629 2393 Mori
1673 2327 1757 2391 et
1782 2310 2265 2389 Bai-occiani.
2322 2305 2541 2388 Clar-

449 2439 554 2530 ke
600 2434 915 2528 codices
959 2448 1180 2530 haud
1230 2448 1637 2547 adhibuit,
1690 2445 1838 2530 nifi
1882 2444 2107 2554 quod
2146 2448 2233 2524 111
2290 2443 2539 2524 altem

452 2579 892 2666 volumine
937 2615 982 2666 e
1028 2586 1307 2668 codice
1360 2587 1795 2667 Harleiano
1852 2587 2191 2663 varietas
2264 2577 2545 2662 adscri-

451 2735 598 2825 pta
663 2719 818 2822 est,
888 2741 972 2802 et
1021 2721 1415 2804 nonnulla
1487 2755 1534 2804 e
1596 2722 1831 2805 codd.
1898 2721 2231 2818 Italicis,
2324 2711 2547 2800 haud
2657 2769 2658 2822 ἦ

453 2864 731 2965 :magni
777 2868 1204 2942 momenti.
1319 2861 1524 2943 Inde
1579 2857 1891 2942 Ernesti
1926 2839 2251 2936 'codicis
2304 2853 2547 2964 Lipfi-

461 2989 664 3074 enfis
682 3051 706 3093 ,
795 3013 978 3079 tum
1050 2995 1681 3082 Vratislauienfis
1766 2993 2061 3076 codicis
2132 2991 2546 3078 Michaelis

461 3129 848 3238 Apostolii
891 3163 1142 3220 manu
1184 3133 1447 3248 scripti
1484 3144 1964 3225 varietatem
2000 3125 2313 3232 adiecit.
2414 3135 2545 3217 In·

459 3285 682 3351 terea
739 3279 974 3371 1788.
1041 3284 1448 3358 maiorum
1504 3293 1951 3356 conatuum
2010 3277 2276 3350 nutrix
2338 3277 2547 3352 exie*

459 3425 587 3488 rat
639 3409 1053 3493 Villoisoni
1108 3415 1210 3496 V.
1253 3417 1347 3497 C.
1390 3413 1693 3524 liberali
1750 3437 1999 3522 opera
2052 3401 2327 3488 curata
2384 3405 2545 3488 edi·

459 3549 582 3624 tio
631 3547 903 3642 Jliadis
953 3577 998 3628 e
1049 3551 1251 3632 Cod.
1293 3549 1657 3640 Veneto,
1734 3577 1925 3630 cum
1972 3545 2321 3628 Scholiis.
2416 3545 2543 3630 Ab

339 3725 350 3786 .'
465 3709 567 3760 eo
629 3681 821 3763 inde
880 3691 1248 3796 tempore
1317 3689 1641 3771 'Alterus
1688 3685 2089 3771 Codicum
2126 3683 2547 3766 Vindobo-

461 3815 834 3903 nenfium
889 3831 1142 3904 varias
1181 3825 1987 3935 lectiones'vulgauit·
2024 3827 2257 3931 1789.
2310 3847 2542 3932 1790,
2653 3923 2654 3928 Ἰ

469 3961 703 4068 Quae
750 3968 1024 4042 omnia
1066 3959 1426 4048 disertius
1473 3959 1798 4073 exposui
1839 3965 1995 4044 To.
2052 3963 2194 4042 111.
2233 3966 2327 4042 in·
2360 3961 2543 4040 Pro·
2653 3971 2654 4012 ³

465 4095 762 4204 legem.
815 4101 1022 4180 Sect.
1081 4101 1188 4183 11.
1254 4101 1359 4213 de
1414 4099 1891 4216 Codicibu8‚
1947 4117 2031 4181 et
2080 4104 2171 4181 in
2216 4099 2425 4182 Sect.
2476 4099 2540 4178 Ι.

323 4303 328 4310 .
469 4232 571 4368 de
611 4235 1148 4322 Editionibus.
1259 4241 1486 4350 Quas
1524 4239 1717 4326 inde
1752 4265 2015 4324 nouas
2068 4243 2338 4348 copias
2378 4231 2539 4344 ipse
