2675 4834
257 549 2351 606 m

665 848 1975 1034 PRAEFATIQ

203 1245 274 1377 I
288 1327 352 1376 n
417 1323 646 1376 noua
707 1297 1048 1380 Homeri
1109 1298 1465 1381 editione
1536 1291 1899 1408 paranda
1966 1284 2165 1400 quid
2216 1281 2333 1368 se·

205 1454 544 1545 quntus
601 1431 790 1534 fim,
865 1442 954 1516 in
1017 1435 1186 1544 ipsa
1269 1440 1533 1546 operis
1592 1435 1855 1516 fronte
1918 1454 2329 1538 exponen-

203 1575 438 1654 dum
493 1571 698 1654 mihi
753 1569 912 1656 ess'e
951 1577 1334 1684 intellige,
1382 1573 1630 1686 idque
1676 1603 1775 1654 eo
1817 1575 2101 1680 magis,
2156 1590 2323 1672 quo

198 1712 542 1822 saepius
599 1739 700 1792 ea
755 1711 858 1796 de
921 1743 1010 1794 re
1055 1722 1382 1814 monui,
1446 1741 1617 1798 non
1676 1729 1895 1792 recte
1960 1705 2062 1788 de
2118 1709 2328 1784 viro·-

201 1881 412 1936 rum
467 1850 902 1932 doctorum
946 1878 1192 1960 opera
1237 1859 1328 1936 in
1375 1850 1711 1934 edendis
1754 1851 2106 1956 antiquis
2146 1838 2327 1922 scri-

195 1989 592 2102 ptoribus
635 1986 898 2098 pofita
943 1989 1273 2074 iudicari
1313 1989 1565 2102 posse,
1620 1987 1769 2076 nifi
1816 1981 1899 2070 et'
1938 1979 2085 2096 ipfi
2122 2008 2321 2091 ope-

195 2159 347 2212 rae
395 2123 814 2210 confilium
849 2147 1158 2212 certum
1197 2129 1300 2216 ab
1346 2136 1577 2214 initio
1637 2127 1857 2237 apud
1892 2125 1969 2208 se
2032 2117 2316 2205 consti-

210 2286 492 2348 tutum
531 2265 990 2368 habuerint,
1042 2285 1126 2350 et
1165 2275 1244 2368 ii,
1303 2275 1445 2380 qui
1486 2269 1591 2350 de
1632 2297 1731 2349 ea
1770 2265 2159 2372 iudicarit,
2216 2259 2311 2338 il-
2356 2361 2368 2366 ι

193 2407 354 2489 lud
396 2405 580 2488 fatis
636 2403 1149 2514 perspectum
1201 2405 1580 2488 habeant.
1691 2407 2125 2512 Exponam
2162 2403 2307 2506 igi-

187 2565 378 2645 tur,
477 2573 770 2654 quam‘
805 2541 1260 2628 breuissime
1325 2543 1501 2658 fieri
1564 2550 1907 2652 poterit,
2004 2543 2307 2646 prime,

192 2682 700 2804 confilium,
784 2683 1024 2796 quod
1076 2683 1289 2768 mila·
1349 2694 1445 2764 in
1494 2681 1668 2765 hac
1718 2679 2089 2764 Homeri
2122 2671 2301 2755 edi-

187 2809 445 2906 tione
489 2816 1024 2932 propositum
1065 2819 1555 2916 habuerim,
1610 2839 1829 2920 tum,
1880 2848 1943 2900 a
1996 2813 2297 2926 quibus

183 2967 476 3042 initiis
527 2979 614 3040 ec
653 2955 957 3066 cauffzs
997 2967 1271 3040 omnis
1315 2958 1536 3039 leaeo
1578 2988 1845 3068 opera
1886 2937 2296 3069 profecta

160 3096 344 3205 fic.-
451 3123 665 3204 quae
745 3123 873 3178 res
943 3093 1048 3176 ad
1112 3095 1505 3176 iudicium
1564 3115 1787 3178 recte
1860 3089 2293 3178 ferendum

179 3233 420 3316 haud
483 3233 726 3317 dubie
783 3241 1113 3344 cognitu
1171 3230 1603 3316 necessaria
1660 3233 1805 3332 est;
1883 3231 2293 3316 subiiciam

181 3381 284 3457 iis
344 3371 777 3480 recensum
788 3369 1417 3482 subsidiorum,
1470 3375 1782 3484 quibus
1838 3367 2289 3475 instructus

185 3513 428 3594 banc
481 3509 750 3622 ipsam
811 3540 918 3620 op
927 3518 1088 3632 eris
1133 3509 1250 3618 so
1259 3540 1537 3598 rmam
1592 3513 2034 3624 amplexus
2083 3502 2283 3612 fim.
2410 3537 2427 3550 ·

181 3652 340 3734 His
395 3646 808 3758 expositis,
867 3643 930 3734 fi
987 3675 1294 3758 aequos
1352 3647 1659 3738 iudices
1700 3667 1988 3733 nactus
2029 3645 2286 3742 fuero,

181 3788 412 3874 haud
475 3815 792 3886 vereor,
845 3813 958 3868 ne
1033 3773 1369 3895 operam
1420 3815 1701 3874 meam
1774 3807 1917 3870 aut
1976 3805 2286 3872 temere
2382 3823 2391 3830 ·

177 3925 674 4037 susceptam,
728 3941 871 4006 aut
919 3901 1148 4013 omhi
1193 3927 1529 4010 Vtilitate
1571 3925 2030 4016 destitutam
2047 3983 2073 4024 ‚
2140 3939 2286 4004 aut

178 4075 270 4150 in
323 4075 467 4166 iis,
527 4091 740 4174 quae
800 4059 1221 4144 defidemri
1271 4083 1707 4176 poterunt,
1788 4074 2029 4148 venia
2078 4061 2287 4145 indi·

184 4233 444 4318 gnam
511 4199 670 4286 ess'e
725 4209 1286 4316 pronuntient.
1323 4263 1345 4268 -
1444 4207 1905 4316 Intelligent
1956 4226 2290 4318 quoque·
