<?xml version="1.0" encoding="UTF-8"?>
<!DOCTYPE html PUBLIC "-//W3C//DTD XHTML 1.0 Transitional//EN"
    "http://www.w3.org/TR/xhtml1/DTD/xhtml1-transitional.dtd">
<html xmlns="http://www.w3.org/1999/xhtml" xml:lang="en" lang="en">
 <head>
  <title>
</title>
<meta http-equiv="Content-Type" content="text/html;charset=utf-8" />
  <meta name='ocr-system' content='tesseract 3.04.00' />
  <meta name='ocr-capabilities' content='ocr_page ocr_carea ocr_par ocr_line ocrx_word'/>
</head>
<body>
  <div class='ocr_page' id='page_1' title='image "./homericarminacv05unkngoog_0037.png"; bbox 0 0 2675 4834; ppageno 0'>
   <div class='ocr_carea' id='block_1_1' title="bbox 703 261 2260 350">
    <p class='ocr_par' dir='ltr' id='par_1_1' title="bbox 703 261 2260 350">
     <span class='ocr_line' id='line_1_1' title="bbox 703 261 2260 350; baseline -0.003 -4"><span class='ocrx_word' id='word_1_1' title='bbox 703 261 1745 350; x_wconf 79' lang='lat' dir='ltr'><strong>PRAEFATIO.</strong></span> <span class='ocrx_word' id='word_1_2' title='bbox 1958 291 1965 298; x_wconf 91' lang='lat'><strong>·</strong></span> <span class='ocrx_word' id='word_1_3' title='bbox 2110 288 2260 342; x_wconf 70' lang='lat' dir='ltr'><strong>xxv</strong></span> 
     </span>
    </p>
   </div>
   <div class='ocr_carea' id='block_1_2' title="bbox 161 461 2269 2225">
    <p class='ocr_par' dir='ltr' id='par_1_2' title="bbox 161 461 2269 2225">
     <span class='ocr_line' id='line_1_2' title="bbox 179 461 2261 570; baseline -0.003 -22"><span class='ocrx_word' id='word_1_4' title='bbox 179 493 370 550; x_wconf 83' lang='lat' dir='ltr'><strong>nem</strong></span> <span class='ocrx_word' id='word_1_5' title='bbox 405 465 944 548; x_wconf 65' lang='lat' dir='ltr'><strong>‘vernaculum&#39;</strong></span> <span class='ocrx_word' id='word_1_6' title='bbox 969 461 1389 557; x_wconf 58' lang='lat' dir='ltr'><strong>vertendam</strong></span> <span class='ocrx_word' id='word_1_7' title='bbox 1462 462 1825 570; x_wconf 87' lang='lat' dir='ltr'><strong>palmam</strong></span> <span class='ocrx_word' id='word_1_8' title='bbox 1856 465 2075 544; x_wconf 86' lang='lat' dir='ltr'><strong>inter</strong></span> <span class='ocrx_word' id='word_1_9' title='bbox 2108 461 2261 542; x_wconf 72' lang='lat' dir='ltr'><strong>hoe</strong></span> 
     </span>
     <span class='ocr_line' id='line_1_3' title="bbox 183 599 2261 712; baseline -0 -24"><span class='ocrx_word' id='word_1_10' title='bbox 183 607 356 688; x_wconf 82' lang='lat' dir='ltr'><strong>tulit</strong></span> <span class='ocrx_word' id='word_1_11' title='bbox 395 599 718 686; x_wconf 75' lang='lat' dir='ltr'><strong>Voffius</strong></span> <span class='ocrx_word' id='word_1_12' title='bbox 759 611 848 685; x_wconf 88' lang='lat' dir='ltr'><strong>in</strong></span> <span class='ocrx_word' id='word_1_13' title='bbox 887 602 1048 682; x_wconf 88' lang='lat' dir='ltr'><strong>hoc</strong></span> <span class='ocrx_word' id='word_1_14' title='bbox 1087 627 1381 709; x_wconf 81' lang='lat' dir='ltr'>genere</span> <span class='ocrx_word' id='word_1_15' title='bbox 1428 599 1663 684; x_wconf 84' lang='lat' dir='ltr'><strong>facile</strong></span> <span class='ocrx_word' id='word_1_16' title='bbox 1716 605 1931 684; x_wconf 88' lang='lat' dir='ltr'><strong>inter</strong></span> <span class='ocrx_word' id='word_1_17' title='bbox 1966 607 2261 712; x_wconf 85' lang='lat' dir='ltr'><strong>princi·-</strong></span> 
     </span>
     <span class='ocr_line' id='line_1_4' title="bbox 177 737 2265 851; baseline -0.001 -29"><span class='ocrx_word' id='word_1_18' title='bbox 177 769 322 851; x_wconf 84' lang='lat' dir='ltr'><strong>pes</strong></span> <span class='ocrx_word' id='word_1_19' title='bbox 373 739 836 838; x_wconf 84' lang='lat' dir='ltr'><strong>habendus;</strong></span> <span class='ocrx_word' id='word_1_20' title='bbox 919 737 1487 823; x_wconf 85' lang='lat' dir='ltr'><strong>increbuerant</strong></span> <span class='ocrx_word' id='word_1_21' title='bbox 1558 739 2117 826; x_wconf 73' lang='lat' dir='ltr'><strong>altercationes</strong></span> <span class='ocrx_word' id='word_1_22' title='bbox 2179 757 2265 820; x_wconf 91' lang='lat' dir='ltr'><strong>et</strong></span> 
     </span>
     <span class='ocr_line' id='line_1_5' title="bbox 177 875 2263 988; baseline 0.002 -28"><span class='ocrx_word' id='word_1_23' title='bbox 177 881 802 962; x_wconf 81' lang='lat' dir='ltr'><strong>obtrectationes</strong></span> <span class='ocrx_word' id='word_1_24' title='bbox 845 884 1200 960; x_wconf 84' lang='lat' dir='ltr'><strong>virorum</strong></span> <span class='ocrx_word' id='word_1_25' title='bbox 1238 876 1707 976; x_wconf 84' lang='lat' dir='ltr'><strong>doctorum,</strong></span> <span class='ocrx_word' id='word_1_26' title='bbox 1752 884 1933 988; x_wconf 87' lang='lat' dir='ltr'><strong>qui,</strong></span> <span class='ocrx_word' id='word_1_27' title='bbox 1974 897 2063 960; x_wconf 85' lang='lat' dir='ltr'><strong>vt</strong></span> <span class='ocrx_word' id='word_1_28' title='bbox 2101 875 2263 964; x_wconf 75' lang='lat' dir='ltr'><strong>suia</strong></span> 
     </span>
     <span class='ocr_line' id='line_1_6' title="bbox 182 996 2261 1126; baseline 0.001 -24"><span class='ocrx_word' id='word_1_29' title='bbox 182 996 708 1102; x_wconf 62' lang='lat' dir='ltr'><strong>simultatibus</strong></span> <span class='ocrx_word' id='word_1_30' title='bbox 761 1015 1389 1114; x_wconf 82' lang='lat' dir='ltr'><strong>velificarentur‚</strong></span> <span class='ocrx_word' id='word_1_31' title='bbox 1442 1013 1653 1126; x_wconf 68' lang='lat' dir='ltr'><strong>ipsas</strong></span> <span class='ocrx_word' id='word_1_32' title='bbox 1696 1018 2001 1100; x_wconf 76' lang='lat' dir='ltr'><strong>litteras</strong></span> <span class='ocrx_word' id='word_1_33' title='bbox 2056 1025 2261 1104; x_wconf 80' lang='lat' dir='ltr'><strong>anti-</strong></span> 
     </span>
     <span class='ocr_line' id='line_1_7' title="bbox 183 1151 2265 1266; baseline -0.001 -26"><span class='ocrx_word' id='word_1_34' title='bbox 183 1186 372 1265; x_wconf 79' lang='lat' dir='ltr'><strong>quas</strong></span> <span class='ocrx_word' id='word_1_35' title='bbox 415 1166 512 1242; x_wconf 87' lang='lat' dir='ltr'><strong>in</strong></span> <span class='ocrx_word' id='word_1_36' title='bbox 560 1172 1069 1240; x_wconf 83' lang='lat' dir='ltr'><strong>contemtum</strong></span> <span class='ocrx_word' id='word_1_37' title='bbox 1115 1151 1667 1251; x_wconf 82' lang='lat' dir='ltr'><strong>adducebant;</strong></span> <span class='ocrx_word' id='word_1_38' title='bbox 1726 1153 2015 1238; x_wconf 78' lang='lat' dir='ltr'><strong>habuit</strong></span> <span class='ocrx_word' id='word_1_39' title='bbox 2060 1183 2265 1266; x_wconf 87' lang='lat' dir='ltr'><strong>quo-</strong></span> 
     </span>
     <span class='ocr_line' id='line_1_8' title="bbox 183 1291 2267 1406; baseline 0 -28"><span class='ocrx_word' id='word_1_40' title='bbox 183 1324 334 1406; x_wconf 89' lang='lat' dir='ltr'><strong>que</strong></span> <span class='ocrx_word' id='word_1_41' title='bbox 380 1305 556 1380; x_wconf 80' lang='lat' dir='ltr'><strong>vim</strong></span> <span class='ocrx_word' id='word_1_42' title='bbox 598 1295 960 1403; x_wconf 83' lang='lat' dir='ltr'><strong>aliquam</strong></span> <span class='ocrx_word' id='word_1_43' title='bbox 1001 1291 1110 1376; x_wconf 86' lang='lat' dir='ltr'><strong>ad</strong></span> <span class='ocrx_word' id='word_1_44' title='bbox 1147 1295 1609 1402; x_wconf 75' lang='lat' dir='ltr'><strong>neglectum</strong></span> <span class='ocrx_word' id='word_1_45' title='bbox 1644 1295 2063 1378; x_wconf 78' lang='lat' dir='ltr'><strong>Homerici</strong></span> <span class='ocrx_word' id='word_1_46' title='bbox 2109 1295 2267 1378; x_wconf 75' lang='lat' dir='ltr'><strong>stu-</strong></span> 
     </span>
     <span class='ocr_line' id='line_1_9' title="bbox 183 1431 2263 1536; baseline -0.001 -18"><span class='ocrx_word' id='word_1_47' title='bbox 183 1436 326 1536; x_wconf 84' lang='lat' dir='ltr'><strong>dii,</strong></span> <span class='ocrx_word' id='word_1_48' title='bbox 379 1435 582 1518; x_wconf 88' lang='lat' dir='ltr'><strong>inde</strong></span> <span class='ocrx_word' id='word_1_49' title='bbox 643 1431 748 1514; x_wconf 91' lang='lat' dir='ltr'><strong>ab</strong></span> <span class='ocrx_word' id='word_1_50' title='bbox 807 1459 1024 1514; x_wconf 88' lang='lat' dir='ltr'><strong>anno</strong></span> <span class='ocrx_word' id='word_1_51' title='bbox 1067 1433 1583 1533; x_wconf 83' lang='lat' dir='ltr'><strong>LXXXVII,</strong></span> <span class='ocrx_word' id='word_1_52' title='bbox 1626 1431 1753 1514; x_wconf 89' lang='lat' dir='ltr'><strong>Io.</strong></span> <span class='ocrx_word' id='word_1_53' title='bbox 1809 1431 2079 1516; x_wconf 84' lang='lat' dir='ltr'><strong>Henr.</strong></span> <span class='ocrx_word' id='word_1_54' title='bbox 2122 1435 2263 1518; x_wconf 79' lang='lat' dir='ltr'><strong>Iu·-</strong></span> 
     </span>
     <span class='ocr_line' id='line_1_10' title="bbox 161 1567 2263 1703; baseline -0 -49"><span class='ocrx_word' id='word_1_55' title='bbox 161 1569 278 1675; x_wconf 78' lang='lat' dir='ltr'><strong>fii</strong></span> <span class='ocrx_word' id='word_1_56' title='bbox 339 1577 789 1703; x_wconf 80' lang='lat' dir='ltr'><strong>Koeppen,</strong></span> <span class='ocrx_word' id='word_1_57' title='bbox 887 1571 1086 1654; x_wconf 87' lang='lat' dir='ltr'><strong>olim</strong></span> <span class='ocrx_word' id='word_1_58' title='bbox 1172 1567 1633 1681; x_wconf 84' lang='lat' dir='ltr'><strong>disciplinae</strong></span> <span class='ocrx_word' id='word_1_59' title='bbox 1694 1568 2008 1655; x_wconf 85' lang='lat' dir='ltr'><strong>nostrae</strong></span> <span class='ocrx_word' id='word_1_60' title='bbox 2094 1573 2263 1656; x_wconf 87' lang='lat' dir='ltr'><strong>alu-</strong></span> 
     </span>
     <span class='ocr_line' id='line_1_11' title="bbox 183 1705 2264 1820; baseline -0.001 -23"><span class='ocrx_word' id='word_1_61' title='bbox 183 1719 385 1811; x_wconf 87' lang='lat' dir='ltr'><strong>mni,</strong></span> <span class='ocrx_word' id='word_1_62' title='bbox 439 1713 874 1796; x_wconf 80' lang='lat' dir='ltr'><strong>seminarii</strong></span> <span class='ocrx_word' id='word_1_63' title='bbox 927 1705 1397 1820; x_wconf 75' lang='lat' dir='ltr'><strong>philologici</strong></span> <span class='ocrx_word' id='word_1_64' title='bbox 1447 1711 1613 1793; x_wconf 87' lang='lat' dir='ltr'><strong>Ge.</strong></span> <span class='ocrx_word' id='word_1_65' title='bbox 1660 1709 1866 1819; x_wconf 83' lang='lat' dir='ltr'><strong>Aug.</strong></span> <span class='ocrx_word' id='word_1_66' title='bbox 1924 1708 2264 1813; x_wconf 66' lang='lat' dir='ltr'><strong>sodalis,</strong></span> 
     </span>
     <span class='ocr_line' id='line_1_12' title="bbox 185 1843 2268 1960; baseline 0.001 -28"><span class='ocrx_word' id='word_1_67' title='bbox 185 1857 264 1932; x_wconf 85' lang='lat' dir='ltr'><strong>in</strong></span> <span class='ocrx_word' id='word_1_68' title='bbox 309 1855 604 1960; x_wconf 80' lang='lat' dir='ltr'><strong>paucis</strong></span> <span class='ocrx_word' id='word_1_69' title='bbox 656 1846 862 1932; x_wconf 82' lang='lat' dir='ltr'><strong>mihi</strong></span> <span class='ocrx_word' id='word_1_70' title='bbox 917 1853 1082 1932; x_wconf 85' lang='lat' dir='ltr'><strong>cari</strong></span> <span class='ocrx_word' id='word_1_71' title='bbox 1142 1863 1228 1928; x_wconf 86' lang='lat' dir='ltr'><strong>et</strong></span> <span class='ocrx_word' id='word_1_72' title='bbox 1281 1855 1443 1958; x_wconf 88' lang='lat' dir='ltr'><strong>pii,</strong></span> <span class='ocrx_word' id='word_1_73' title='bbox 1506 1847 1823 1932; x_wconf 77' lang='lat' dir='ltr'><strong>libellus</strong></span> <span class='ocrx_word' id='word_1_74' title='bbox 1862 1843 2268 1952; x_wconf 81' lang='lat' dir='ltr'><strong>sermone</strong></span> 
     </span>
     <span class='ocr_line' id='line_1_13' title="bbox 185 1969 2267 2098; baseline -0.002 -24"><span class='ocrx_word' id='word_1_75' title='bbox 185 1988 646 2074; x_wconf 75' lang='lat' dir='ltr'><strong>vernaculo</strong></span> <span class='ocrx_word' id='word_1_76' title='bbox 730 1983 998 2068; x_wconf 77' lang='lat' dir='ltr'><strong>editus</strong></span> <span class='ocrx_word' id='word_1_77' title='bbox 1017 2044 1041 2086; x_wconf 87' lang='lat'>,</span> <span class='ocrx_word' id='word_1_78' title='bbox 1076 1969 1180 2098; x_wconf 70' lang='lat'><strong>&#39;‘)</strong></span> <span class='ocrx_word' id='word_1_79' title='bbox 1219 1988 1387 2096; x_wconf 75' lang='lat' dir='ltr'><strong>quo</strong></span> <span class='ocrx_word' id='word_1_80' title='bbox 1428 1983 1579 2070; x_wconf 87' lang='lat' dir='ltr'><strong>fibi</strong></span> <span class='ocrx_word' id='word_1_81' title='bbox 1622 1991 1793 2070; x_wconf 84' lang='lat' dir='ltr'><strong>iam</strong></span> <span class='ocrx_word' id='word_1_82' title='bbox 1828 1981 2017 2070; x_wconf 75' lang='lat' dir='ltr'><strong>satis</strong></span> <span class='ocrx_word' id='word_1_83' title='bbox 2076 2015 2267 2070; x_wconf 82' lang='lat' dir='ltr'><strong>con-</strong></span> 
     </span>
     <span class='ocr_line' id='line_1_14' title="bbox 189 2119 2269 2225; baseline 0.001 -18"><span class='ocrx_word' id='word_1_84' title='bbox 189 2125 474 2212; x_wconf 88' lang='lat' dir='ltr'><strong>sultum</strong></span> <span class='ocrx_word' id='word_1_85' title='bbox 519 2122 678 2208; x_wconf 79' lang='lat' dir='ltr'><strong>effe</strong></span> <span class='ocrx_word' id='word_1_86' title='bbox 719 2119 1092 2207; x_wconf 87' lang='lat' dir='ltr'><strong>censebat</strong></span> <span class='ocrx_word' id='word_1_87' title='bbox 1133 2132 1521 2210; x_wconf 82' lang='lat' dir='ltr'><strong>iuuentus</strong></span> <span class='ocrx_word' id='word_1_88' title='bbox 1562 2123 1849 2225; x_wconf 86' lang='lat' dir='ltr'><strong>nostra,</strong></span> <span class='ocrx_word' id='word_1_89' title='bbox 1902 2143 1991 2208; x_wconf 87' lang='lat' dir='ltr'><strong>vt</strong></span> <span class='ocrx_word' id='word_1_90' title='bbox 2022 2135 2269 2212; x_wconf 81' lang='lat' dir='ltr'><strong>inter·</strong></span> 
     </span>
    </p>
   </div>
   <div class='ocr_carea' id='block_1_3' title="bbox 22 2261 2271 2376">
    <p class='ocr_par' dir='ltr' id='par_1_3' title="bbox 22 2261 2271 2376">
     <span class='ocr_line' id='line_1_15' title="bbox 22 2261 2271 2376; baseline -0.004 -22"><span class='ocrx_word' id='word_1_91' title='bbox 22 2332 24 2354; x_wconf 45' lang='grc'>;</span> <span class='ocrx_word' id='word_1_92' title='bbox 191 2285 404 2372; x_wconf 85' lang='lat' dir='ltr'><strong>prete</strong></span> <span class='ocrx_word' id='word_1_93' title='bbox 443 2287 694 2376; x_wconf 87' lang='lat' dir='ltr'><strong>porro</strong></span> <span class='ocrx_word' id='word_1_94' title='bbox 737 2262 966 2345; x_wconf 78' lang='lat' dir='ltr'><strong>haud·</strong></span> <span class='ocrx_word' id='word_1_95' title='bbox 1002 2262 1425 2373; x_wconf 81' lang='lat' dir='ltr'><strong>indigeret.</strong></span> <span class='ocrx_word' id='word_1_96' title='bbox 1536 2261 1681 2350; x_wconf 80' lang='lat' dir='ltr'><strong>Est</strong></span> <span class='ocrx_word' id='word_1_97' title='bbox 1732 2283 2013 2348; x_wconf 87' lang='lat' dir='ltr'><strong>autem</strong></span> <span class='ocrx_word' id='word_1_98' title='bbox 2064 2268 2271 2348; x_wconf 84' lang='lat' dir='ltr'><strong>haec</strong></span> 
     </span>
    </p>
   </div>
   <div class='ocr_carea' id='block_1_4' title="bbox 195 2403 2273 2789">
    <p class='ocr_par' dir='ltr' id='par_1_4' title="bbox 195 2403 2273 2789">
     <span class='ocr_line' id='line_1_16' title="bbox 198 2403 2267 2514; baseline 0.003 -32"><span class='ocrx_word' id='word_1_99' title='bbox 198 2421 580 2514; x_wconf 83' lang='lat' dir='ltr'><strong>tanquam</strong></span> <span class='ocrx_word' id='word_1_100' title='bbox 627 2429 854 2484; x_wconf 85' lang='lat' dir='ltr'><strong>noua-</strong></span> <span class='ocrx_word' id='word_1_101' title='bbox 894 2403 1314 2484; x_wconf 83' lang='lat' dir='ltr'><strong>calamitas</strong></span> <span class='ocrx_word' id='word_1_102' title='bbox 1350 2405 1801 2488; x_wconf 83' lang='lat' dir='ltr'><strong>litterarum</strong></span> <span class='ocrx_word' id='word_1_103' title='bbox 1852 2403 2007 2486; x_wconf 90' lang='lat' dir='ltr'><strong>hac</strong></span> <span class='ocrx_word' id='word_1_104' title='bbox 2050 2425 2267 2488; x_wconf 83' lang='lat' dir='ltr'><strong>aeta·</strong></span> 
     </span>
     <span class='ocr_line' id='line_1_17' title="bbox 195 2529 2273 2652; baseline 0.005 -32"><span class='ocrx_word' id='word_1_105' title='bbox 195 2557 292 2640; x_wconf 86' lang='lat' dir='ltr'><strong>te,</strong></span> <span class='ocrx_word' id='word_1_106' title='bbox 339 2529 606 2650; x_wconf 73' lang='lat' dir='ltr'><strong>quod,</strong></span> <span class='ocrx_word' id='word_1_107' title='bbox 663 2546 986 2648; x_wconf 76' lang='lat' dir='ltr'><strong>quoties</strong></span> <span class='ocrx_word' id='word_1_108' title='bbox 1055 2545 1147 2624; x_wconf 89' lang='lat' dir='ltr'><strong>in</strong></span> <span class='ocrx_word' id='word_1_109' title='bbox 1203 2537 1615 2652; x_wconf 77' lang='lat' dir='ltr'><strong>disciplina</strong></span> <span class='ocrx_word' id='word_1_110' title='bbox 1668 2559 1755 2626; x_wconf 91' lang='lat' dir='ltr'><strong>et</strong></span> <span class='ocrx_word' id='word_1_111' title='bbox 1822 2544 2273 2630; x_wconf 83' lang='lat' dir='ltr'><strong>litterarum</strong></span> 
     </span>
     <span class='ocr_line' id='line_1_18' title="bbox 201 2677 2273 2789; baseline 0.002 -27"><span class='ocrx_word' id='word_1_112' title='bbox 201 2709 476 2789; x_wconf 65' lang='lat' dir='ltr'><strong>gwere</strong></span> <span class='ocrx_word' id='word_1_113' title='bbox 525 2683 798 2788; x_wconf 84' lang='lat' dir='ltr'><strong>aliquo</strong></span> <span class='ocrx_word' id='word_1_114' title='bbox 841 2677 1082 2779; x_wconf 82' lang='lat' dir='ltr'><strong>liber,</strong></span> <span class='ocrx_word' id='word_1_115' title='bbox 1125 2677 1417 2764; x_wconf 85' lang='lat' dir='ltr'><strong>diserta</strong></span> <span class='ocrx_word' id='word_1_116' title='bbox 1462 2686 1969 2765; x_wconf 79' lang='lat' dir='ltr'><strong>enarratione</strong></span> <span class='ocrx_word' id='word_1_117' title='bbox 2010 2701 2097 2764; x_wconf 87' lang='lat' dir='ltr'><strong>et</strong></span> <span class='ocrx_word' id='word_1_118' title='bbox 2139 2713 2273 2766; x_wconf 84' lang='lat' dir='ltr'><strong>ex-</strong></span> 
     </span>
    </p>
   </div>
   <div class='ocr_carea' id='block_1_5' title="bbox 22 2815 2273 2932">
    <p class='ocr_par' dir='ltr' id='par_1_5' title="bbox 22 2815 2273 2932">
     <span class='ocr_line' id='line_1_19' title="bbox 22 2815 2273 2932; baseline 0.003 -33"><span class='ocrx_word' id='word_1_119' title='bbox 22 2881 24 2886; x_wconf 82' lang='lat'>.</span> <span class='ocrx_word' id='word_1_120' title='bbox 199 2815 580 2924; x_wconf 78' lang='lat' dir='ltr'><strong>politione</strong></span> <span class='ocrx_word' id='word_1_121' title='bbox 625 2845 898 2900; x_wconf 83' lang='lat' dir='ltr'><strong>rerum</strong></span> <span class='ocrx_word' id='word_1_122' title='bbox 911 2877 936 2917; x_wconf 92' lang='lat'>‚</span> <span class='ocrx_word' id='word_1_123' title='bbox 995 2845 1204 2925; x_wconf 89' lang='lat' dir='ltr'><strong>quae</strong></span> <span class='ocrx_word' id='word_1_124' title='bbox 1261 2827 1353 2902; x_wconf 86' lang='lat' dir='ltr'><strong>in</strong></span> <span class='ocrx_word' id='word_1_125' title='bbox 1406 2846 1507 2904; x_wconf 89' lang='lat' dir='ltr'><strong>eo</strong></span> <span class='ocrx_word' id='word_1_126' title='bbox 1564 2848 1855 2930; x_wconf 83' lang='lat' dir='ltr'><strong>genere</strong></span> <span class='ocrx_word' id='word_1_127' title='bbox 1910 2849 2273 2932; x_wconf 83' lang='lat' dir='ltr'><strong>compre·</strong></span> 
     </span>
    </p>
   </div>
   <div class='ocr_carea' id='block_1_6' title="bbox 205 2953 2349 4036">
    <p class='ocr_par' dir='ltr' id='par_1_6' title="bbox 205 2953 2349 4036">
     <span class='ocr_line' id='line_1_20' title="bbox 205 2953 2272 3070; baseline 0.004 -36"><span class='ocrx_word' id='word_1_128' title='bbox 205 2955 476 3040; x_wconf 84' lang='lat' dir='ltr'><strong>hensae</strong></span> <span class='ocrx_word' id='word_1_129' title='bbox 529 2955 714 3040; x_wconf 88' lang='lat' dir='ltr'><strong>sunt</strong></span> <span class='ocrx_word' id='word_1_130' title='bbox 728 3017 750 3056; x_wconf 89' lang='lat'><strong>,</strong></span> <span class='ocrx_word' id='word_1_131' title='bbox 811 2973 896 3037; x_wconf 87' lang='lat' dir='ltr'><strong>et</strong></span> <span class='ocrx_word' id='word_1_132' title='bbox 949 2959 1288 3040; x_wconf 73' lang='lat' dir='ltr'><strong>Vtilitate</strong></span> <span class='ocrx_word' id='word_1_133' title='bbox 1344 2957 1521 3059; x_wconf 85' lang='lat' dir='ltr'><strong>sua,</strong></span> <span class='ocrx_word' id='word_1_134' title='bbox 1567 2953 2041 3066; x_wconf 75' lang='lat' dir='ltr'><strong>conspicuus</strong></span> <span class='ocrx_word' id='word_1_135' title='bbox 2083 2979 2272 3070; x_wconf 88' lang='lat' dir='ltr'><strong>pro·</strong></span> 
     </span>
     <span class='ocr_line' id='line_1_21' title="bbox 205 3091 2275 3205; baseline 0.004 -29"><span class='ocrx_word' id='word_1_136' title='bbox 205 3091 466 3195; x_wconf 87' lang='lat' dir='ltr'><strong>dierit,</strong></span> <span class='ocrx_word' id='word_1_137' title='bbox 505 3113 684 3183; x_wconf 83' lang='lat' dir='ltr'><strong>tum</strong></span> <span class='ocrx_word' id='word_1_138' title='bbox 701 3154 724 3194; x_wconf 88' lang='lat'>‚</span> <span class='ocrx_word' id='word_1_139' title='bbox 777 3113 1174 3204; x_wconf 78' lang='lat' dir='ltr'><strong>tanquam</strong></span> <span class='ocrx_word' id='word_1_140' title='bbox 1233 3093 1634 3205; x_wconf 82' lang='lat' dir='ltr'><strong>pestilenti</strong></span> <span class='ocrx_word' id='word_1_141' title='bbox 1692 3091 1943 3180; x_wconf 85' lang='lat' dir='ltr'><strong>fidere</strong></span> <span class='ocrx_word' id='word_1_142' title='bbox 1992 3095 2275 3200; x_wconf 74' lang='lat' dir='ltr'><strong>afflati,</strong></span> 
     </span>
     <span class='ocr_line' id='line_1_22' title="bbox 207 3230 2277 3345; baseline 0.006 -33"><span class='ocrx_word' id='word_1_143' title='bbox 207 3230 640 3334; x_wconf 82' lang='lat' dir='ltr'><strong>doctrinae,</strong></span> <span class='ocrx_word' id='word_1_144' title='bbox 713 3247 1258 3342; x_wconf 73' lang='lat' dir='ltr'><strong>quaecunque</strong></span> <span class='ocrx_word' id='word_1_145' title='bbox 1303 3234 1643 3316; x_wconf 85' lang='lat' dir='ltr'><strong>tandem</strong></span> <span class='ocrx_word' id='word_1_146' title='bbox 1672 3230 1982 3345; x_wconf 23' lang='lat' dir='ltr'><strong>illaxfit,</strong></span> <span class='ocrx_word' id='word_1_147' title='bbox 2050 3239 2277 3324; x_wconf 83' lang='lat' dir='ltr'><strong>addi·</strong></span> 
     </span>
     <span class='ocr_line' id='line_1_23' title="bbox 209 3368 2275 3489; baseline 0.004 -38"><span class='ocrx_word' id='word_1_148' title='bbox 209 3379 332 3470; x_wconf 87' lang='lat' dir='ltr'><strong>cti,</strong></span> <span class='ocrx_word' id='word_1_149' title='bbox 367 3371 448 3454; x_wconf 88' lang='lat' dir='ltr'><strong>se</strong></span> <span class='ocrx_word' id='word_1_150' title='bbox 497 3382 666 3454; x_wconf 86' lang='lat' dir='ltr'><strong>iam</strong></span> <span class='ocrx_word' id='word_1_151' title='bbox 707 3378 942 3454; x_wconf 86' lang='lat' dir='ltr'><strong>omni</strong></span> <span class='ocrx_word' id='word_1_152' title='bbox 984 3369 1485 3456; x_wconf 84' lang='lat' dir='ltr'><strong>institutione</strong></span> <span class='ocrx_word' id='word_1_153' title='bbox 1533 3372 1743 3456; x_wconf 84' lang='lat' dir='ltr'><strong>bene</strong></span> <span class='ocrx_word' id='word_1_154' title='bbox 1786 3368 2053 3456; x_wconf 78' lang='lat' dir='ltr'><strong>carere</strong></span> <span class='ocrx_word' id='word_1_155' title='bbox 2094 3375 2275 3489; x_wconf 78' lang='lat' dir='ltr'><strong>pol-&#39;-</strong></span> 
     </span>
     <span class='ocr_line' id='line_1_24' title="bbox 209 3505 2275 3620; baseline 0.005 -30"><span class='ocrx_word' id='word_1_156' title='bbox 209 3505 282 3590; x_wconf 88' lang='lat' dir='ltr'><strong>se</strong></span> <span class='ocrx_word' id='word_1_157' title='bbox 325 3517 727 3606; x_wconf 83' lang='lat' dir='ltr'><strong>iactitent;</strong></span> <span class='ocrx_word' id='word_1_158' title='bbox 787 3506 1014 3620; x_wconf 76' lang='lat' dir='ltr'><strong>poss&#39;e</strong></span> <span class='ocrx_word' id='word_1_159' title='bbox 1074 3520 1299 3594; x_wconf 85' lang='lat' dir='ltr'><strong>enim</strong></span> <span class='ocrx_word' id='word_1_160' title='bbox 1368 3541 1467 3596; x_wconf 79' lang='lat' dir='ltr'><strong>ea</strong></span> <span class='ocrx_word' id='word_1_161' title='bbox 1518 3541 1618 3594; x_wconf 84' lang='lat' dir='ltr'><strong>ex</strong></span> <span class='ocrx_word' id='word_1_162' title='bbox 1670 3512 1891 3598; x_wconf 80' lang='lat' dir='ltr'><strong>libris</strong></span> <span class='ocrx_word' id='word_1_163' title='bbox 1946 3513 2275 3616; x_wconf 82' lang='lat' dir='ltr'><strong>addisci,</strong></span> 
     </span>
     <span class='ocr_line' id='line_1_25' title="bbox 213 3647 2275 3762; baseline 0.005 -34"><span class='ocrx_word' id='word_1_164' title='bbox 213 3674 411 3762; x_wconf 80' lang='lat' dir='ltr'><strong>quae</strong></span> <span class='ocrx_word' id='word_1_165' title='bbox 457 3680 502 3730; x_wconf 89' lang='lat' dir='ltr'><strong>e</strong></span> <span class='ocrx_word' id='word_1_166' title='bbox 551 3649 932 3730; x_wconf 80' lang='lat' dir='ltr'><strong>cathedra</strong></span> <span class='ocrx_word' id='word_1_167' title='bbox 971 3647 1457 3748; x_wconf 79' lang='lat' dir='ltr'><strong>doceantur3</strong></span> <span class='ocrx_word' id='word_1_168' title='bbox 1532 3651 1922 3734; x_wconf 90' lang='lat' dir='ltr'><strong>librorum</strong></span> <span class='ocrx_word' id='word_1_169' title='bbox 1966 3671 2275 3756; x_wconf 81' lang='lat' dir='ltr'><strong>tamen,</strong></span> 
     </span>
     <span class='ocr_line' id='line_1_26' title="bbox 219 3768 2349 3904; baseline 0.006 -39"><span class='ocrx_word' id='word_1_170' title='bbox 219 3811 372 3892; x_wconf 83' lang='lat' dir='ltr'><strong>quo</strong></span> <span class='ocrx_word' id='word_1_171' title='bbox 418 3786 766 3870; x_wconf 79' lang='lat' dir='ltr'><strong>studium</strong></span> <span class='ocrx_word' id='word_1_172' title='bbox 803 3790 1170 3870; x_wconf 88' lang='lat' dir='ltr'><strong>leuatum</strong></span> <span class='ocrx_word' id='word_1_173' title='bbox 1211 3788 1589 3900; x_wconf 78' lang='lat' dir='ltr'><strong>credunt,</strong></span> <span class='ocrx_word' id='word_1_174' title='bbox 1636 3792 1966 3874; x_wconf 85' lang='lat' dir='ltr'><strong>lectioni</strong></span> <span class='ocrx_word' id='word_1_175' title='bbox 2027 3821 2276 3876; x_wconf 87' lang='lat' dir='ltr'><strong>nemo</strong></span> <span class='ocrx_word' id='word_1_176' title='bbox 2334 3768 2349 3904; x_wconf 13' lang='grc' dir='ltr'><strong>’Β</strong></span> 
     </span>
     <span class='ocr_line' id='line_1_27' title="bbox 220 3891 2275 4036; baseline 0.005 -32"><span class='ocrx_word' id='word_1_177' title='bbox 220 3919 352 4004; x_wconf 84' lang='lat' dir='ltr'><strong>dat</strong></span> <span class='ocrx_word' id='word_1_178' title='bbox 391 3953 754 4035; x_wconf 82' lang='lat' dir='ltr'><strong>operam,</strong></span> <span class='ocrx_word' id='word_1_179' title='bbox 800 3933 918 4012; x_wconf 85' lang='lat' dir='ltr'><strong>ita</strong></span> <span class='ocrx_word' id='word_1_180' title='bbox 961 3891 1371 4036; x_wconf 81' lang='lat' dir='ltr'><strong>disciplina</strong></span> <span class='ocrx_word' id='word_1_181' title='bbox 1428 3925 1893 4012; x_wconf 83' lang='lat' dir='ltr'><strong>academica</strong></span> <span class='ocrx_word' id='word_1_182' title='bbox 1937 3940 2275 4016; x_wconf 86' lang='lat' dir='ltr'><strong>omnino</strong></span> 
     </span>
    </p>
   </div>
   <div class='ocr_carea' id='block_1_7' title="bbox 291 4201 2191 4299">
    <p class='ocr_par' dir='ltr' id='par_1_7' title="bbox 291 4201 2191 4299">
     <span class='ocr_line' id='line_1_28' title="bbox 291 4201 2191 4299; baseline 0.006 -32"><span class='ocrx_word' id='word_1_183' title='bbox 291 4201 362 4279; x_wconf 59' lang='grc' dir='ltr'>θ</span> <span class='ocrx_word' id='word_1_184' title='bbox 402 4201 829 4272; x_wconf 71' lang='grc' dir='ltr'><strong>ΕνΙιΖᾶνεηᾱο</strong></span> <span class='ocrx_word' id='word_1_185' title='bbox 865 4201 1418 4298; x_wconf 64' lang='lat' dir='ltr'><strong>Anmelkungen</strong></span> <span class='ocrx_word' id='word_1_186' title='bbox 1458 4229 1623 4276; x_wconf 81' lang='lat' dir='ltr'><strong>zum</strong></span> <span class='ocrx_word' id='word_1_187' title='bbox 1660 4207 1953 4280; x_wconf 80' lang='lat' dir='ltr'><strong>Homer,</strong></span> <span class='ocrx_word' id='word_1_188' title='bbox 2008 4215 2191 4299; x_wconf 82' lang='lat'><strong>1787.</strong></span> 
     </span>
    </p>
   </div>
  </div>
 </body>
</html>
