2675 4834
649 218 1669 342 PRAEFATIQ
2034 285 2185 342 nv

155 459 322 557 aliis}
373 455 600 566 quod
621 473 628 482 ’
651 461 738 540 in
767 465 866 540 're
913 463 1182 540 critica
1250 454 1477 538 aliter
1530 453 1703 538 fieri
1750 463 2076 566 nequit,
2136 487 2187 542 a

155 604 264 678 viri
309 590 726 695 doetiffimi
775 594 1073 680 iudicio
1117 577 1513 708 'videbam‘
1556 619 1693 674 me
1768 595 2187 696 recederef.

152 731 482 820 nolebam
560 763 750 818 vero
807 760 1000 816 cum
1053 761 1154 814 eo
1223 733 1381 812 vllo
1420 809 1437 828 ,
1453 728 1701 812 modo
1776 739 1867 813 in
1932 755 2185 817 certa-

149 897 300 951 men
339 869 849 994 &scandam
907 889 1188 954 contra
1223 897 1415 950 vero
1458 869 1617 953 hoc
1660 869 1999 979 agebam
2017 931 2041 973 ‚
2092 893 2183 956 vt

149 1008 278 1088 laus
315 1016 388 1090 ei
429 1007 574 1092 sua
613 1017 702 1092 in
741 1013 1196 1098 Homericis
1243 1005 1747 1090 restituendis
1804 1031 2177 1097 maneret

147 1149 402 1255 integra
445 1165 530 1228 et
569 1147 904 1248 illibata3
951 1156 1066 1230 ita
1107 1165 1234 1254 vt,
1280 1150 1641 1256 quisquis
1678 1153 1769 1228 in
1816 1147 1939 1228 his
1984 1177 2176 1256 ope·

147 1309 280 1365 ram
315 1305 620 1393 ponere
681 1289 1058 1386 voluerit,
1119 1301 1537 1394 comparet
1587 1301 2013 1396 Vtramque
2052 1317 2179 1370 re-

147 1419 554 1530 censionem
571 1484 596 1526 ‚
649 1445 732 1507 et
777 1422 942 1536 ipse
989 1423 1405 1508 arbitrium
1442 1421 1669 1508 ferat.

311 1589 698 1672 XXVIII.
741 1591 925 1700 Qua
957 1608 1124 1693 arte
1158 1617 1256 1670 ac
1291 1578 1421 1670 fia
1460 1587 1905 1700 digamma
1926 1583 2170 1674 ‘suum

143 1722 361 1808 locum
430 1755 530 1808 ac
607 1725 1084 1838 dignitatem
1155 1736 1245 1812 in
1307 1731 1787 1824 Homericis·
1822 1725 2175 1810 restitue-

143 1855 303 1960 re'm,
365 1861 506 1949 diu
587 1889 806 1947 cum'
851 1863 1435 1950 deliberalrem:
1504 1864 2175 1976 quandoquidem

143 1997 202 2076 in
245 1998 475 2109 ipsam
517 2004 960 2086 lectionem
1013 2007 1423 2115 vulgatam
1490 2007 1714 2086 nullo
1766 2001 2017 2084 modo
2077 2005 2169 2086 il·

143 2133 248 2214 lud
304 2139 578 2226 induci
639 2138 866 2250 poss'e
921 2141 1334 2243 videbam,
1426 2171 1531 2224 ne
1600 2150 1717 2226 rei
1796 2148 2169 2222 nouitate

145 2269 535 2360 turbaretur
574 2281 882 2381 decdo,
971 2299 1152 2362 tum
1225 2309 1415 2360 vero
1486 2309 1675 2360 cum
1754 2273 2169 2388 digammo

145 2429 270 2492 erat
321 2441 649 2526 quoque
707 2426 1044 2500 omnino
1105 2415 1485 2526 scriptura
1545 2411 1877 2523 antiqua
1932 2443 2167 2494 reuo-

146 2549 380 2650 canda,
419 2561 536 2634 ita
575 2573 666 2634 vt
697 2582 768 2636 v,
820 2581 888 2634 c.
931 2559 1002 2638 E
1045 2553 1509 2638 scriberetur
1546 2580 1696 2661 pro
1754 2554 1857 2632 H.
1896 2559 2041 2642 ΕΙ.
2098 2561 2163 2642 0

139 2707 248 2786 1³10
301 2700 446 2792 Ω,·
475 2709 562 2771 et
619 2689 728 2778 fic
777 2693 1118 2802 reliqum
1211 2684 1877 2804 opportuni'ffima
1952 2677 2162 2772 ratio

141 2818 258 2902 visa
301 2825 402 2909 est
453 2858 596 2929 ea,
655 2858 906 2940 quam
965 2829 1331 2928 adhibui,
1392 2849 1479 2910 vt
1544 2836 1913 2910 carminis
1972 2857 2162 2910 con·

141 2971 333 3060 texto,
369 2964 718 3048 verfibus
758 2976 1084 3068 notatis,
1125 2967 1628 3080 digammum
1655 2964 2155 3062 subiiceremz

144 3089 629 3203 disputatione
673 3123 758 3186 et
797 3089 1161 3188 doctrina
1219 3107 1320 3196 de
1380 3106 1791 3216 digammo
1850 3099 2159 3182 seruata

141 3235 200 3307 in
231 3235 634 3344 Excursus,
683 3269 892 3352 quos
944 3243 1264 3328 additos
1311 3243 1617 3326 videbis
1648 3241 1803 3320 Το.
1848 3229 2028 3321 VII.
2066 3239 2161 3320 li-

143 3361 248 3450 bro
291 3375 486 3458 XIX
545 3374 708 3488 (T)
761 3383 976 3464 Ex0.‘
1007 3385 1111 3464 11.
1165 3385 1308 3464 ΠΙ.
1360 3381 1501 3462 IV.
1572 3383 1671 3462 In
1712 3372 2161 3485 postremos

143 3502 328 3592 libros
384 3543 524 3598 eos
575 3513 926 3618 seruaui,
997 3527 1188 3628 quia
1241 3511 1793 3600 difficillimam
1840 3523 2007 3594 rem
2067 3520 2159 3600 in

141 3651 471 3759 principio
513 3655 884 3738 nondum
927 3653 1134 3738 satis·
1149 3652 1314 3766 ipse
1371 3645 1829 3764 expeditam
1877 3658 2156 3730 animo

143 3783 466 3872 tenebam
485 3849 512 3894 ,
545 3809 702 3876 nec
737 3790 886 3882 nifi
921 3792 1316 3877 sententia
1344 3819 1351 3826 ·
1376 3795 1803 3902 aliquoties
1841 3804 2159 3877 mutata

146 3916 220 3996 ad
253 3949 336 4004 ea
371 3939 742 4037 perueni,
803 3959 1014 4041 quae
1051 3933 1268 4020 mihi.
1289 3939 1613 4024 ratione
1653 3927 1950 4010 idonea
1974 3917 1983 3926 ’
2007 3923 2154 4006 sta·

143 4047 512 4147 bilita'effe·
555 4056 1050 4152 videbantur.
1219 4069 1567 4154 Veniam
1618 4075 1893 4174 itaque
1948 4091 2152 4143 non·

133 4195 326 4280 nullis
377 4189 850 4316 ad‘pri'oress
894 4209 1178 4308 libros,
1252 4210 1627 4292 nondu‘m
1678 4198 1861 4290 satis
1918 4184 2151 4278 caute
2259 4271 2267 4282 ,
